2686 5212
659 217 678 275 3

136 396 331 470 exponuntur
360 395 396 453 in
416 394 505 454 libre
530 395 660 472 altere,
696 401 804 471 utpote
839 395 945 469 quibua
980 390 1108 455 adducti
1140 390 1204 454 sint

137 501 313 576 quinamque
337 500 374 560 de
407 505 442 561 're
475 501 607 562 militari
629 502 832 563 Romanorum
854 518 954 577 egere,
978 505 1014 560 nt
1035 505 1146 562 novem
1168 506 1202 561 ot

135 607 305 667 inauditam
336 606 467 681 legionis
503 608 725 669 ordinationem
746 624 806 668 uno
840 606 942 681 aliquo
972 612 1109 680 temporo
1132 609 1204 682 ante
1245 590 1249 609 ’

139 711 373 774 Constantinum
402 719 549 788 putarent
583 714 760 776 invaluisse.
807 713 916 774 Altero
939 711 1039 788 igitur
1061 712 1094 774 i'n
1124 710 1204 775 libro

137 821 221 882 cuius
238 821 387 896 Vegetius
404 821 447 881 sit
463 822 662 883 auctoritatis
678 821 854 899 disquiram.
884 821 980 892 Quam
995 818 1203 897 quaestionem

134 928 181 989 ita
204 929 366 989 instituam
390 934 425 989 ut
441 927 567 1004 vegetii
591 935 712 991 secutus
737 927 872 990 ordinem
894 944 944 988 ras
968 927 1097 1004 primum
1115 925 1201 1002 ipsas

139 1037 238 1099 sicubi
259 1037 327 1098 fieri
349 1043 454 1114 petest
481 1043 656 1117 aestumem,
687 1043 751 1099 tum
778 1038 931 1100 conteram
957 1053 1023 1098 cum
1048 1036 1094 1098 cis
1128 1050 1205 1113 quae

135 1147 210 1208 alibi
234 1146 408 1207 traduntur.
890 1154 895 1161 ’
1081 1155 1083 1158 ⁴

223 1253 261 1313 In
284 1251 487 1330 praelatione,
511 1270 577 1314 cum
598 1246 766 1329 imperator
790 1258 844 1314 tex
865 1251 956 1314 libris
977 1251 1104 1328 antiqua
1123 1250 1202 1313 desl-

136 1359 285 1436 deraaet’,
309 1360 462 1421 mandatis
486 1360 550 1421 eius
574 1378 606 1422 se
630 1362 839 1423 oboediturum
871 1378 938 1422 esse
965 1359 1122 1437 professus
1145 1365 1203 1424 est.

136 1470 220 1530 Bene
242 1469 341 1544 igitur
363 1469 472 1544 primis
494 1470 585 1545 primi
616 1471 727 1546 capitis
762 1471 867 1533 verbis
889 1470 1062 1545 Vergilium
1083 1470 1204 1547 profert

135 1573 290 1658 testeml),
326 1577 401 1637 item
429 1578 505 1637 bene
527 1578 606 1638 unde
630 1578 764 1653 equitum
786 1574 889 1660 alael)
919 1594 1025 1638 nomen
1049 1577 1205 1639 traxerint

135 1685 271 1760 adponit.
319 1683 455 1758 Antiqua
486 1685 564 1746 enim
597 1696 634 1747 ea·
665 1687 892 1762 estdcctrina,
916 1702 1081 1761 quaecum
1104 1684 1202 1749 Cincii

136 1794 269 1854 eiusdem
298 1793 345 1853 rei
377 1794 593 1868 explanatione
602 1790 628 1876 3)
662 1794 700 1855 ad
723 1806 813 1855 unum
844 1793 1027 1869 eundemque
1050 1798 1206 1869 auctorem

136 1918 195 1961 non
218 1899 330 1960 referri
353 1906 484 1974 nequeat
492 1896 529 1981 4).
565 1899 644 1961 Miro
668 1907 769 1961 autem
792 1901 878 1962 modo
891 1899 1048 1976 praesenti
1067 1906 1205 1975 tempore

135 2008 235 2068 utitur
259 2007 425 2091 (‘equitum
454 2003 536 2092 alae:
558 2008 723 2069 dicuntur.
740 2052 768 2069 ..
799 2008 877 2083 quod
908 2005 1115 2090 proteguut'),
1140 2024 1205 2069 cum

135 2116 203 2191 ipse
235 2122 370 2176 testetur
405 2115 489 2176 alind
523 2116 703 2176 vocabulum
734 2121 807 2175 tunc
836 2114 932 2176 inisse
960 2132 1017 2175 usu
1039 2120 1204 2190 receptum.

138 2222 233 2294 Quam
256 2225 292 2283 ob
328 2240 458 2303 oausam,
482 2239 547 2283 cum
583 2222 678 2297 primo
702 2225 812 2283 obtutu
842 2220 1100 2297 exsequentibus
1127 2220 1206 2305 (‘est

135 2336 167 2391 et
191 2330 274 2390 alind
299 2349 393 2406 genus
418 2331 561 2408 equitum,
580 2330 642 2406 qni¹
653 2330 819 2405 legionarii
842 2336 1012 2392 vocantur.
1029 2375 1036 2390 .
1051 2327 1084 2411 .’)
1110 2329 1204 2390 conli-

134 2457 240 2534 gamus
264 2439 357 2500 etiam
387 2445 452 2500 tum
475 2440 570 2500 fuisse
594 2439 713 2514 equites
744 2438 942 2516 legionarios,
963 2436 1037 2498 mihi
1060 2437 1205 2499 audacior

133 2549 204 2608 visa
226 2555 274 2608 est
297 2565 333 2608 ea
357 2548 538 2608 coniectura.
586 2548 666 2619 Quin
699 2548 787 2607 immo
822 2548 898 2607 haee
921 2563 971 2606 ex»
994 2545 1096 2607 eodem
1118 2546 1205 2608 fonte

135 2655 260 2716 fluxisse
287 2661 361 2731 puto
397 2668 434 2716 eu
458 2673 514 2730 quo
550 2655 667 2716 alarum
691 2654 935 2731 explicationem,
972 2670 1095 2730 cumque
1129 2655 1205 2717 haec

135 2765 196 2826 iam
233 2765 312 2840 apud
346 2763 480 2825 (lineium
518 2764 652 2839 legatur,
688 2761 806 2838 equites
835 2760 1022 2836 legionarios
1056 2762 1205 2839 intellego

134 2878 256 2932 ueteres
280 2873 351 2933 illos
376 2869 493 2946 equites
515 2871 676 2946 Romanos,
714 2871 765 2945 qui
788 2870 963 2945 plerumque
986 2870 1104 2931 treceni
1126 2871 1202 2946 legi·
1291 2891 1295 2899 ·

134 2979 241 3040 onibus
275 2980 475 3056 addebantur,
507 2995 684 3054 quamquam
712 2984 748 3037 nt
781 2977 898 3038 liberae
932 2977 1119 3054 reipublicae
1156 2980 1202 3039 sic

117 3087 351 3189 ¹imperatorum
374 3086 559 3164 temporibus
583 3093 652 3147 erat
674 3086 731 3147 illa
759 3082 979 3168 differentia5).

229 3284 249 3351 ¹)
269 3285 373 3338 Gemoll
401 3286 525 3350 (Hermae
552 3283 604 3335 vol.
623 3284 660 3334 Vl
681 3301 707 3352 p.
727 3284 790 3348 118)
809 3282 891 3335 deleri
912 3283 986 3336 iubet
1012 3284 1096 3335 uerba
1120 3283 1200 3335 ‘sicut

135 3377 264 3428 ...viria
285 3376 386 3440 Haec),
417 3390 470 3425 non
488 3368 633 3425 dubitarem
651 3374 715 3438 quin
733 3380 811 3436 recle,
839 3376 861 3424 sl
879 3373 969 3424 sanior
992 3377 1061 3424 esset
1078 3373 1199 3437 scriptor.

226 3461 248 3528 ⁸)
267 3464 360 3516 ‘Alae'
388 3464 555 3516 scribendum
583 3468 610 3513 et
638 3461 773 3513 codicibus
800 3460 1022 3529 adstipulantibus
1047 3466 1074 3512 et
1101 3460 1199 3514 Cincio·

134 3553 227 3618 Neque
245 3555 316 3605 enim
331 3553 512 3605 aestuationes
531 3551 627 3618 epponi
645 3555 755 3616 possunt
773 3548 897 3613 alaribus,
915 3554 1025 3615 possunt
1043 3548 1099 3600 alia.

224 3639 332 3708 8)(1111.
352 3641 421 3699 XVI,
442 3641 467 3704 4,
485 3638 510 3689 6.

226 3730 247 3797 ξ)
266 3733 300 3785 oi.
313 3730 465 3797 Masquolea
482 3729 559 3781 dtude
577 3745 623 3780 sur
640 3729 668 3779 la
683 3728 898 3781 castrametation
913 3730 959 3780 des
976 3730 1101 3781 Romains
1113 3730 1200 3791 (Panis

136 3824 217 3885 1864)
237 3838 262 3888 p.
282 3823 325 3872 83.
365 3817 481 3884 ‘vegbco
500 3820 544 3885 qui
562 3832 683 3869 annonca
702 3832 737 3868 au
757 3818 839 3869 debut
856 3819 889 3870 de
907 3833 954 3869 aon
973 3833 1090 3885 ouvrage
1110 3818 1199 3885 qn’ila

134 3911 272 3977 beaucoup
293 3907 430 3976 emprunte
448 3907 579 3960 bCincins
590 3905 744 3965 Alimentus,
764 3906 803 3957 dit
820 3906 848 3958 la
858 3904 942 3958 memo
952 3906 1030 3958 chose
1042 3924 1076 3958 en
1085 3905 1201 3959 d'autrea

135 3999 252 4053 termes’.
288 4001 321 4053 In
338 4001 444 4066 vegetii
461 3997 619 4051 edidonibns
638 3997 722 4048 Cincii
739 4011 835 4047 noman
853 3997 952 4048 mnatre
974 4009 1092 4063 quaeres.

224 4086 246 4154 ³)
265 4091 298 4141 ct.
332 4087 488 4156 Marquardt
525 4088 590 4139 r'dm.
625 4085 796 4137 Smauverw.
823 4085 850 4136 11
875 4101 902 4151 p.
924 4084 973 4136 387
1002 4089 1056 4136 net
1085 4086 1110 4136 2.
1138 4082 1197 4133 Idu.

88 4168 91 4249 ξ
135 4177 245 4238 XXXV,
259 4178 285 4229 b.
311 4176 368 4235 XL,
387 4177 431 4230 40.
452 4176 515 4226 Tac.
535 4188 587 4225 ann
615 4173 665 4238 111,
684 4174 727 4223 39.
756 4173 804 4238 IV,
824 4172 1008 4239 ae.xl1,au.
1036 4171 1111 4237 xm,
1127 4170 1171 4229 bb.
