2686 5212
613 215 653 274 49

91 390 145 451 sit
165 390 285 474 rati01)
311 426 349 436 -
374 393 543 466 manipulos
568 411 619 452 eos
643 393 718 453 dicit
754 393 805 466 qui
827 394 915 452 binas
939 395 1169 468 comprehende·

92 499 168 560 rint
190 499 355 561 centurias.
403 499 632 560 Posterioribus
653 501 870 574 imperatorum
892 502 1079 575 temporibus
1100 502 1172 576 quin

94 609 164 669 iam
186 627 245 670 non
266 610 384 670 fuerint
406 610 554 684 manipuli
586 610 614 669 ei
644 628 705 670 non
730 609 884 671 dubitabit
908 611 1084 686 quicumque
1108 613 1171 688 Hy-

23 783 26 791 ,
96 715 258 791 ginianam
266 724 437 778 castrorum
453 717 706 776 constitutionem
724 717 891 777 contulerit
907 735 973 778 cum
988 719 1173 795 Polybiane.

96 822 146 883 Et
166 822 209 893 in
240 825 344 885 titulis
379 842 530 899 nunquam
563 825 680 899 legitur
703 825 819 885 milites
849 825 1002 887 militasse
1024 827 1057 887 in
1079 828 1173 888 mani·

96 931 194 1009 pulis,
218 933 328 1010 ubique
352 933 493 994 centuria
516 933 666 994 adfertur.
711 934 796 1009 Ergo
820 941 885 994 tum
907 936 1065 997 centuriae
1088 937 1175 998 fuere

97 1038 225 1100 minima
256 1041 409 1101 exercitus
442 1057 580 1116 corpora.
627 1040 701 1100 Tac.
734 1058 804 1101 ann.
834 1041 861 1116 Ι,
887 1042 930 1101 34
962 1042 1065 1103 adfert
1094 1043 1174 1103 liar·

99 1147 215 1221 quardt
244 1165 302 1222 quo
332 1150 443 1223 probet
466 1146 651 1208 sententiam
674 1163 773 1222 snam;
811 1148 864 1208 sed
893 1166 931 1208 ne
954 1149 1034 1210 hunc
1057 1149 1176 1225 quidem

98 1257 284 1332 scriptorem
315 1259 483 1320 intellexit.
542 1260 620 1320 Nam
653 1277 719 1319 cum
750 1259 833 1321 dicat
867 1279 937 1326 ann.
961 1261 1032 1338 1,2
1077 1263 1176 1324 ‘ciere

97 1365 192 1425 modo
210 1367 368 1427 nomina
389 1368 655 1443 singulorum,
679 1368 765 1428 modo
791 1370 1016 1429 centuriam
1051 1370 1177 1446 quisque

98 1471 187 1532 cuius
209 1473 409 1548 manipularis
437 1479 516 1549 erat,
552 1473 771 1548 cohortem,
807 1474 1033 1551 legionem,
1072 1477 1174 1552 quivis

98 1588 211 1655 sponte
236 1583 394 1657 cognoscit
423 1582 485 1642 iam
508 1599 568 1641 non
591 1582 687 1641 fuisse
711 1583 881 1657 manipulos
904 1584 937 1644 in
960 1585 1091 1659 legione.
1119 1586 1179 1646 ‘At

99 1706 195 1765 saepe
218 1691 346 1751 Tacitus
370 1691 590 1765 manipulorum
620 1691 715 1750 habet
737 1691 948 1752 mentionem’.
997 1693 1076 1764 Quid
1106 1693 1177 1755 inde

99 1797 260 1859 efficitur?
296 1799 469 1874 antiquitus
493 1799 664 1873 manipulus
688 1805 720 1858 et
754 1799 895 1859 centuria
923 1801 1001 1860 idem
1024 1802 1176 1877 significa-

99 1904 223 1989 hanff),
261 1924 360 1969 nonne
383 1914 489 1983 potest
512 1908 619 1968 itidem
642 1926 692 1968 res
716 1926 749 1968 se
772 1910 886 1969 habere
904 1911 985 1985 apud
1009 1911 1174 1972 Tacitum?

22 2004 26 2013 ’
100 2015 337 2078 Praetoriarum
373 2017 543 2078 cohortium
577 2017 747 2090 manipulos
780 2024 956 2094 turmasque
988 2018 1021 2078 in
1055 2019 1175 2079 ratibus

100 2123 264 2185 adstitisse
288 2125 365 2184 dicit
389 2142 458 2185 ann.
483 2125 557 2200 XII,
583 2126 635 2199 56,
660 2141 726 2183 cum
749 2124 862 2185 duobus
887 2126 959 2186 aliis
979 2127 1056 2187 locis
1072 2128 1176 2187 eodem

99 2232 187 2292 modo
218 2232 375 2292 centurias
407 2240 438 2293 et
462 2239 579 2292 turmas
604 2233 692 2291 iuxta
715 2239 825 2306 ponat:
850 2234 925 2297 hist.
950 2234 976 2309 Ι,
1002 2234 1042 2294 51
1085 2241 1175 2295 ‘ante

98 2339 212 2399 bellum
235 2343 391 2405 centurias
402 2340 428 2424 ³)
452 2347 573 2400 tantum
586 2357 656 2398 suas
670 2345 847 2414 turmasque
868 2347 981 2400 norant
991 2339 1010 2415 ’3
1023 2340 1097 2400 hist.
1112 2342 1173 2416 III,

87 2450 144 2507 ,61
170 2455 257 2511 ‘snas
282 2449 472 2532 censurias⁴)
493 2457 671 2524 turmasque
694 2450 821 2510 tradere
857 2451 1048 2511 certabant'.
1073 2451 1172 2512 Porro

100 2572 166 2615 oum
179 2557 263 2617 dicat
279 2559 352 2619 hist.
367 2559 392 2635 I,
404 2559 445 2617 46
463 2563 604 2633 quartam
620 2563 740 2632 partem
754 2558 904 2632 manipuli
921 2575 1061 2632 sparsam
1076 2559 1173 2620 fuisse

100 2680 156 2738 per
179 2672 362 2727 commeatus
386 2671 455 2741 cet,
474 2667 543 2726 dum
565 2665 731 2725 mercedem
755 2666 969 2726 centurioni
993 2666 1171 2743 solvissent,

99 2775 237 2849 sequitur
271 2793 362 2835 unum
392 2775 565 2851 praefuisse
599 2774 757 2849 manipulo
792 2774 1010 2835 centurionem.
1061 2774 1171 2836 (lentu-

100 2881 203 2942 riones
227 2901 301 2945 vero
318 2901 402 2944 suam
430 2883 556 2958 quisque
578 2883 730 2956 regebant
747 2881 918 2941 centuriam
939 2881 1026 2965 (hist.
1045 2883 1088 2959 Π,
1103 2881 1171 2964 89).

189 3168 210 3237 ¹)
228 3171 329 3224 Eadem
346 3172 375 3221 in
392 3171 523 3221 sententia
539 3175 579 3222 est
597 3170 678 3222 Streit
705 3169 748 3222 dia
775 3172 1105 3239 Hastae-Reorganisation
1123 3175 1169 3228 des

98 3261 233 3327 Augustus
245 3259 335 3312 Berol.
356 3259 425 3309 1876
444 3275 471 3326 p.
492 3259 536 3319 lt,
557 3263 583 3310 et
602 3259 713 3310 fortasse
732 3258 812 3309 etiam
831 3258 927 3311 Goelsr
949 3261 1024 3312 Osos.
1044 3260 1106 3326 gall.
1120 3264 1167 3315 Kr.

97 3349 159 3401 id.
181 3348 212 3400 tr
231 3365 256 3416 p.
277 3347 311 3399 ὅθ
331 3362 389 3413 sqq.
417 3346 575 3413 Marquardt
593 3364 619 3414 p.
633 3346 686 3398 860
706 3353 760 3400 not.
780 3351 797 3398 2
817 3349 863 3398 ‘zu
882 3351 1016 3402 Ammans
1036 3353 1094 3403 neit
1110 3369 1168 3404 zer·

97 3438 141 3491 fiel
159 3440 202 3491 die
221 3438 335 3491 cohorte
352 3437 422 3489 noch
439 3439 531 3488 immer
548 3439 577 3487 in
595 3438 724 3505 manipuli
741 3438 796 3490 und
815 3443 949 3494 centuriae
977 3443 1032 3494 und
1057 3443 1168 3496 bestand

98 3529 168 3581 noch
186 3527 232 3580 das
250 3527 303 3579 alte
320 3525 486 3602 ¹llerhiiltniss
504 3526 551 3579 der
570 3526 747 3579 centurionem
755 3528 772 3578 ’.
807 3529 927 3596 Longius
952 3545 968 3582 a
986 3547 1050 3584 vero
1075 3533 1168 3586 abesse

97 3618 218 3686 proiecto
235 3616 302 3668 nihil
320 3622 415 3685 potest.
453 3617 564 3668 Cautius
581 3617 682 3670 iudicat
698 3618 792 3685 Lange
810 3636 836 3687 p.
858 3619 899 3673 sl.

187 3703 211 3773 ¹)
229 3706 386 3773 Marquardt
402 3723 428 3774 p.
449 3708 510 3757 334.

187 3792 210 3859 8)
228 3796 262 3848 cf.
281 3797 346 3847 Tac.
374 3796 438 3863 Agr.
457 3797 492 3846 28
521 3792 665 3864 ‘[cantnrio
695 3810 728 3847 ac
754 3791 860 3865 milites]
890 3797 936 3863 qui
954 3797 988 3848 ad
1012 3800 1167 3855 tradendam

98 3883 263 3952 disciplinam
288 3886 401 3935 immixti
427 3885 568 3952 manipulis
595 3885 661 3936 cet’.
699 3885 759 3935 Hoc
782 3884 883 3936 iocosi
907 3884 1074 3953 intellegeres
1094 3892 1165 3945 Mar·

96 3975 268 4043 quardtianos
285 3973 440 4041 manipulos,
459 3974 538 4041 plane
557 3975 707 4041 superfluae
735 3972 892 4026 iudicandae
913 3981 1002 4027 essent
1020 3985 1165 4036 centuriae.

186 4062 208 4132 ⁴)
227 4068 259 4118 ci.
278 4068 342 4119 Tea
362 4081 423 4117 ann.
441 4064 465 4130 1,
474 4066 508 4115 30
528 4065 669 4130 ‘quosdam
686 4067 738 4131 ipsi
756 4063 884 4130 manipuli
901 4066 1086 4121 documentum
1104 4072 1165 4125 fidei

96 4154 230 4208 tradidere
238 4156 253 4205 ’.
819 4149 824 4158 ¹

970 4255 992 4310 4
