2686 5212
141 374 280 456 movetu'r
299 374 426 474 incutit,
451 374 517 458 curn
539 376 605 458 tres
622 397 703 458 acies
720 374 911 460 hastatorum
934 388 1109 511 principum
1123 373 1202 460 tria·

138 488 252 585 riorum
275 482 413 564 statim'
404 522 437 595 ιιι
459 504 549 593 initio
573 480 940 570 commemorantium
963 488 1029 567 ιιιιιι
1051 485 1202 599 vegetius

138 602 224 668 dicat
257 609 375 683 ‘prima
406 606 489 670 acies
524 590 696 686 principum
729 613 860 672 secunda
886 613 1079 672 hastatorum
1109 598 1202 671 aimis

132 690 253 795 ¹*talibus
278 719 364 814 docet
351 724 402 821 tur
425 710 630 780 instructa..
649 712 813 781 ‚secunda
836 720 916 781 acies
939 721 1082 780 similiter
1105 706 1202 780 arma·

136 820 287 919 batur,
268 843 300 886 tn
331 808 389 902 qua
414 805 618 923 consistentes
653 805 767 921 milites¹
790 826 925 889 hastati
931 826 1101 890 vocabant'
1084 828 1139 887 ur'
1171 833 1203 888 et

140 924 249 1011 postea
269 920 398 995 demum
400 918 477 1009 qna&
493 916 599 996 cohart
586 942 633 996 tes
649 916 682 996 in
705 913 872 1032 s'ecnnd'a
857 925 923 997 acie
945 920 1064 1043 positae
1082 912 1204 997 institut

140 1042 272 1118 adierat,
304 1038 404 1131 s'cquit
405 1060 443 1101 ur
473 1020 509 1102 ιιι
540 1028 634 1103 etiarn
668 1034 819 1103 armornm
852 1021 1018 1143 descriptio
1042 1022 1205 1140 referenda

138 1147 181 1206 sit
207 1140 247 1207 ad
267 1124 488 1257 manipulorum
509 1154 656 1223 tempora.
703 1146 735 1209 I's
751 1129 849 1224 igitur
869 1128 977 1211 auctor
992 1150 1031 1211 ad
1047 1130 1133 1227 quein
1147 1129 1205 1209 illa

141 1232 325 1315 redeunt—
338 1234 402 1316 uie
390 1263 472 1317 tasse
463 1248 561 1317 Cato
579 1265 682 1319 est-
695 1275 816 1319 causam
830 1254 962 1334 Vegetio
983 1256 1096 1318 adtulit
1113 1246 1203 1317 decli-

142 1364 235 1422 nandi
259 1383 278 1424 a
300 1367 468 1442 proposito,
483 1384 548 1425 cnm
570 1344 630 1427 non
653 1368 749 1427 solum
765 1386 824 1443 qua
841 1368 873 1427 in
889 1368 954 1428 acie
971 1368 1204 1429 conlocarantnr

139 1450 258 1533 hastati
289 1470 443 1548 principes
474 1456 580 1534 triarii
610 1453 751 1552 doceret,
774 1477 827 1536 scd
855 1477 948 1536 etiam
979 1455 1085 1571 quibus
1110 1475 1204 1537 armis

139 1556 255 1639 milites
293 1580 322 1639 ei
344 1587 446 1641 essent
476 1582 623 1641 instructi
657 1582 834 1642 ostenderet
864 1599 1043 1658 pugnaeque
1078 1560 1205 1643 duo'eret

85 1706 87 1710 ·
141 1684 228 1759 quasi
261 1686 454 1748 lineamenta
501 1689 548 1749 Ea
573 1666 681 1765 omnia,
706 1706 782 1763 quae
805 1689 859 1748 ille
887 1676 1021 1750 fortasse
1053 1706 1106 1750 sno
1137 1670 1204 1750 iure

141 1792 335 1871 adposuerat,
352 1796 603 1857 transscribebat
625 1796 806 1871 Vegetius
797 1798 968 1857 monriosus
991 1803 1094 1857 utrum
1117 1798 1203 1860 cade·

140 1892 211 1959 rent
237 1901 270 1960 in
304 1919 388 1962 sunm
423 1910 646 1978 argumentum⁴
668 1921 772 1965 necne.
820 1903 880 1964 Sed
910 1910 1030 1965 tantum
1061 1896 1149 1965 abest
1169 1890 1205 1964 ut

142 1988 274 2084 genuina
301 2018 333 2071 et
356 2012 476 2073 sincera
499 2031 535 2073 ea
558 2008 755 2088 reperiamus,
775 2019 811 2073 ut
835 2031 872 2072 ex
896 2030 1047 2073 armorum
1071 2013 1203 2087 descrip-

142 2117 225 2178 tione
259 2120 337 2179 nihil
370 2120 470 2194 possit
500 2098 597 2180 tribui
630 2118 680 2181 illi
715 2121 835 2182 auctori
865 2128 958 2197 utque
982 2122 1055 2182 adeo
1078 2121 1205 2196 Vegetii

143 2232 280 2300 tempora
317 2227 583 2301 deprehendamus.
629 2228 707 2288 Nam
745 2226 820 2288 licet
858 2228 941 2287 dieat
978 2227 1205 2289 habuisse

142 2350 267 2407 gravem
301 2341 487 2394 armaturam
515 2337 622 2409 quinas
645 2337 819 2410 plumbatas
858 2336 965 2395 statim
992 2336 1088 2396 adicit
1113 2341 1205 2410 ‘quas

144 2442 241 2514 primo
266 2420 380 2517 impetu
403 2444 602 2503 iaciunt’
627 2445 785 2517 praesenti
804 2451 940 2518 tempore
962 2462 1045 2509 usus.
1090 2444 1133 2503 Et
1155 2444 1206 2504 bic

143 2546 289 2623 praesens
310 2558 427 2625 tempus
452 2570 536 2612 suam
559 2570 699 2613 servasse
724 2555 817 2614 etiam
837 2555 916 2628 apud
932 2546 1094 2628 Vegetium
1110 2552 1204 2627 signi-

142 2634 313 2716 iicationem
346 2659 416 2718 inde
452 2659 585 2719 efficitur
620 2661 698 2734 qnod
732 2668 840 2734 postea
875 2662 950 2721 dicit
990 2661 1115 2721 ‘scutati
1154 2661 1205 2735 qui

142 2750 396 2835 plumbatis
443 2767 556 2840 gladiis
595 2774 627 2827 et
663 2767 861 2828 missibilibus
900 2768 1041 2844 accincti,
1081 2766 1205 2828 sicut

142 2890 254 2934 nuuc
276 2892 415 2949 prope
447 2893 592 2934 omnes
621 2875 779 2935 milites
810 2876 1004 2937 videntur
1028 2875 1203 2938 armati’.

142 2983 245 3058 Neque
281 2985 328 3044 fas
364 2976 412 3044 cst
447 3002 625 3046 succensere
663 2986 786 3061 homini,
824 2986 900 3059 quod
935 2985 1055 3044 triariis
1090 3001 1206 3059 quoque

142 3070 321 3167 adsignavit
343 3093 526 3167 plumbatas,
551 3093 789 3167 quandoquidem
812 3098 875 3152 tum
895 3110 995 3152 omnes
1018 3093 1132 3151 milites
1160 3093 1204 3152 eis

142 3205 231 3258 crant
264 3199 418 3258 instructi.
466 3199 592 3273 Pugnae
623 3217 696 3260 vero
721 3200 920 3273 descriptioni
942 3205 1087 3259 nontam
1109 3199 1206 3258 multa

115 3328 130 3342 ι
143 3313 174 3367 et
208 3298 288 3369 nova
320 3307 501 3366 intermixta
532 3313 619 3381 snut3
651 3325 742 3367 unum
764 3325 876 3368 comma
900 3290 1081 3366 ‘iertlutarii
1103 3310 1205 3365 autem

143 3404 406 3478 armaturae
445 3416 778 3475 enucleatores
823 3414 983 3489 sagittarii
1022 3414 1203 3491 funditores,

141 3524 198 3583 hoc
214 3524 262 3583 est
284 3523 362 3583 levis
387 3508 560 3584 armatura’
584 3524 785 3583 recentiorem
808 3523 956 3598 originem
979 3522 1092 3597 prodit,
1117 3528 1149 3581 et
1172 3523 1205 3582 iu

142 3633 198 3692 hoc
215 3632 373 3692 enuntiato
397 3649 557 3706 perperam
579 3639 614 3692 ut
638 3632 714 3692 alibi
737 3631 899 3705 sagittarii
922 3636 954 3690 et
977 3631 1148 3691 funditores
1172 3632 1204 3690 in

141 3724 241 3803 leuem
275 3747 463 3800 armaturam
497 3740 722 3817 adscribuntur,
760 3759 825 3801 cum
858 3746 928 3816 post
964 3741 1064 3800 decem
1094 3757 1204 3800 versus

141 3855 226 3909 recte
248 3848 461 3922 seiungantur.

231 3955 290 4016 Sed
323 3973 383 4015 uon
417 3957 514 4015 solum
544 3962 711 4028 temporum
735 3951 910 4013 discrimina
935 3952 1071 4028 sustulit,
1097 3968 1203 4013 verum

142 4065 235 4127 etiam
268 4063 422 4140 legionum
456 4071 488 4124 et
521 4064 704 4125 auxiliorum
735 4062 957 4123 ordinationem
987 4060 1110 4121 videtur
1134 4076 1202 4119 con-

141 4175 265 4234 fudisse.
314 4171 405 4232 Certe
422 4189 482 4232 una
497 4171 529 4232 in
544 4190 578 4233 rc
596 4173 667 4246 quin
682 4170 714 4230 id
732 4169 917 4231 commiserit
932 4170 1038 4243 nequit
1055 4167 1201 4231 dubitari.
