2686 5212
663 177 704 236 23

138 358 189 432 plo
218 358 305 418 nnius
336 359 466 434 legionis
497 354 684 417 declaratum
714 354 755 415 iri
787 355 917 432 dicatur,
950 372 1015 416 cum
1038 357 1124 418 salvo
1149 357 1203 418 illo

137 466 265 528 consilio
300 469 455 529 dicendum
487 464 582 527 fuerit
620 466 686 526 iore
721 470 756 525 ut
795 464 1020 525 demonstretur
1059 467 1202 540 quomodo

136 573 316 637 instruenda
339 576 382 636 sit
404 575 484 650 legio
501 574 540 651 ‘in
564 573 662 634 totius
686 572 763 633 aciei
787 572 989 634 ordinatione.
1034 573 1204 636 Praeterea

138 683 217 757 quod
234 683 347 744 adiecit
358 685 464 759 Lange
476 681 639 756 Vegetium
649 680 753 755 priore
770 680 836 740 loco
854 681 1057 755 antiquam
1071 684 1203 759 legionis

137 792 360 854 ordinationem
383 809 542 868 exponere,
564 790 735 865 posteriorc
758 790 824 850 loeo
847 790 971 863 regulas
994 791 1073 852 aciei
1088 793 1202 853 instru-
1243 832 1247 838 -

137 901 232 960 endae
255 902 303 960 sui
325 900 470 976 temporis
505 898 629 959 ducibus
653 897 870 973 commendare,
895 896 992 958 falsus
1017 904 1075 959 est.
1123 901 1203 961 Nem

137 1008 216 1081 quod
249 1007 420 1082 posteriore
448 1007 514 1067 ioco
543 1005 629 1081 dicit,
664 1004 696 1064 id
719 1021 807 1078 quam
830 1003 989 1078 aptissime
1012 1006 1044 1065 in
1068 1023 1134 1081 cap.
1161 1008 1200 1068 15

133 1091 287 1189 quadrare
322 1131 359 1174 ex
380 1113 477 1188 primo
501 1112 659 1173 enuntiato
692 1112 790 1171 elucet
823 1110 844 1194 (ι
856 1111 989 1184 qualiter
1021 1112 1201 1175 instruenda

137 1220 181 1280 sit
215 1206 296 1281 acies
325 1255 369 1266 -
399 1220 477 1294 quod
511 1219 538 1278 si
571 1236 643 1279 usus
675 1219 815 1294 exegerit
847 1219 1014 1279 transferri
1037 1222 1136 1294 possit
1164 1224 1203 1282 ad

134 1329 279 1412 piures’).
325 1331 391 1390 Iam
421 1346 494 1391 vero
524 1328 666 1403 quomodo
698 1345 799 1389 omnes
830 1345 883 1389 sex
915 1329 1036 1389 ordines
1069 1330 1122 1391 lib.
1150 1330 1202 1392 HI

137 1455 163 1501 c.
190 1437 230 1496 14
253 1437 421 1497 enumerati
454 1436 601 1497 facillime
636 1434 669 1494 in
691 1441 796 1496 nostro
829 1436 930 1510 capite
953 1437 1056 1497 eadem
1078 1437 1200 1499 ratione

136 1562 203 1604 sese
237 1544 424 1619 excipientes
457 1543 662 1618 reperiantur,
698 1544 835 1617 quamvis
869 1545 976 1620 Lange
1010 1545 1084 1604 data
1107 1562 1200 1620 opera

136 1651 346 1728 adscripserit,
369 1653 459 1726 plane
482 1650 556 1709 mihi
576 1668 636 1711 non
659 1651 766 1725 liquet.
800 1652 877 1711 Nam
893 1652 944 1724 qui
960 1652 1074 1712 milites
1091 1658 1199 1726 postea

136 1761 171 1821 in
193 1761 291 1821 tertia
314 1767 424 1836 quarta
448 1761 554 1836 quinta
578 1761 643 1821 acie
656 1761 862 1837 conlocantur,
888 1761 916 1820 ei
938 1767 1044 1821 nostro
1068 1762 1135 1822 loco
1152 1762 1199 1822 ita

135 1874 359 1944 enumerantur,
396 1874 431 1928 ut
465 1884 554 1927 unam
586 1868 712 1927 tertiam
745 1868 910 1928 videantur
943 1869 1063 1928 efficere
1094 1868 1197 1930 aciem.

134 1976 263 2036 Accedit
287 1975 365 2050 quod
388 1975 415 2035 si
438 1982 527 2035 erant
550 1993 604 2036 sex
627 1976 748 2036 ordines
765 1977 858 2035 etiam
873 1977 905 2036 in
920 1977 1050 2052 legionis
1066 1977 1198 2038 instruc-

135 2083 230 2160 tione,
254 2083 286 2143 id
309 2084 478 2145 mehercule
500 2084 533 2143 in
556 2083 643 2144 nnius
667 2084 798 2159 legionis
829 2085 1027 2146 describenda
1049 2086 1115 2146 acie
1139 2105 1199 2148 non

134 2193 233 2268 magis
269 2199 337 2254 erat
371 2194 592 2268 neglegendum
625 2210 711 2268 quam
742 2193 774 2252 in
796 2194 894 2254 totius
917 2195 1071 2255 exereitus
1095 2196 1197 2270 depin-

135 2300 234 2376 genda
269 2301 344 2362 acie.
390 2301 514 2361 Falsum
545 2318 610 2360 esse
633 2301 802 2375 Langeium
833 2319 898 2363 cum
919 2303 1070 2364 Hadriani
1094 2310 1197 2364 aetate

134 2427 201 2470 eam
222 2410 317 2470 aciem
340 2409 373 2469 in
394 2427 451 2470 usu
466 2409 561 2470 inisse
584 2409 786 2486 contenderit,
809 2428 869 2470 non
893 2417 941 2470 est
959 2429 1012 2471 our
1027 2429 1197 2472 moneamus

134 2535 202 2578 eum
225 2518 276 2594 qui
299 2535 376 2593 quae
405 2517 487 2577 inira
511 2517 650 2577 dicentur
681 2519 774 2592 leget.
821 2518 953 2593 Propius
978 2537 997 2578 a
1020 2536 1093 2579 vero
1118 2518 1198 2579 afuit

135 2625 254 2684 Roesoh
277 2623 311 2709 (l.
337 2626 357 2684 l.
383 2642 411 2699 p.
440 2623 528 2707 127),
552 2625 603 2699 qui
626 2625 721 2685 aciem
744 2643 810 2686 curn
830 2644 884 2701 per
899 2627 1068 2702 manipulos
1084 2627 1197 2687 instrui

134 2733 289 2794 desineret
312 2732 519 2808 inciperetque
543 2732 679 2794 ordinari
701 2751 756 2808 per
778 2735 920 2794 cohortes
952 2738 1082 2810 putabat
1104 2735 1196 2795 talem
1226 2796 1228 2799 ,

133 2859 224 2917 posse
246 2842 352 2917 fuisse,
370 2842 488 2916 qualem
502 2840 651 2915 Vegetius
670 2842 829 2916 proponit3
854 2841 1026 2902 rectissime
1042 2843 1195 2903 dummodo

134 2965 173 3008 ne
196 2949 327 3023 tempori
349 2966 414 3008 eam
436 2948 660 3024 adsignaveris.

223 3057 309 3117 Nunc
333 3056 486 3130 cumipse
509 3056 617 3116 horum
638 3055 771 3130 capitum
793 3059 918 3114 auctore
941 3072 991 3114 res
1014 3055 1101 3115 nobis
1125 3056 1195 3116 erit.

135 3165 217 3226 Tota
239 3166 317 3227 aciei
340 3165 505 3240 descriptio
530 3184 548 3225 a
571 3183 682 3226 summo
705 3165 777 3224 iibri
800 3164 929 3223 alterius
965 3164 1091 3224 oonsilio
1115 3182 1196 3225 rece-

135 3273 192 3337 dit.
224 3272 336 3345 Quodsi
359 3273 426 3346 quis
449 3272 532 3332 dicat
546 3273 675 3348 primum
691 3277 810 3332 tantum
826 3273 1017 3331 enuntiatum
1032 3273 1197 3333 abhorrere

134 3381 173 3439 ab
208 3385 386 3455 argumento
420 3381 510 3440 huius
544 3381 636 3457 libri„
661 3397 726 3439 cum
754 3379 873 3453 reliqua
904 3396 937 3438 eo
971 3381 1195 3457 contineantur,

134 3490 276 3564 quoniam
305 3489 476 3565 legionibus
511 3507 566 3550 sua
599 3490 704 3550 addita
738 3487 854 3548 inerint
878 3488 1003 3565 auxilia,
1026 3489 1198 3549 meminerit

133 3598 227 3658 velim
260 3598 557 3659 ordinationem
590 3597 769 3671 legionis
808 3595 1014 3670 expositurum
1049 3613 1115 3659 esse
1138 3597 1196 3657 Ve-

133 3707 260 3786 getium,
295 3709 334 3768 ad
357 3724 444 3782 quam
464 3707 601 3782 proiecto
633 3724 694 3767 non
723 3705 881 3781 pertinent
904 3706 1030 3767 auxilia.
1079 3705 1197 3767 Cadunt

133 3817 210 3877 haec
227 3816 329 3891 potius
352 3816 384 3875 in
407 3821 616 3890 argumentum
636 3813 726 3874 tertii
745 3814 819 3873 libri
854 3813 904 3888 qui
920 3813 1079 3873 classicum
1094 3821 1196 3875 sonat.

134 3922 305 3982 Praeterea
326 3922 458 3997 legionis
481 3921 643 3981 instructio
668 3921 722 3985 lib.
745 3921 778 3981 H
802 3938 827 3984 o.
853 3922 870 3980 6
895 3921 1055 3994 proposita
1078 3925 1109 3980 et
1126 3938 1197 3994 qua-

135 4027 207 4088 drat
228 4028 262 4089 in
283 4027 356 4088 libri
379 4033 589 4102 argumentum
603 4044 699 4101 neque
722 4026 750 4087 ei
773 4028 838 4087 ulla
860 4043 897 4086 ex
920 4032 1009 4101 parte
1030 4043 1091 4087 non
1106 4028 1197 4088 satis-

135 4134 222 4197 facit.
269 4134 315 4195 Ea
338 4134 417 4195 enim
439 4133 592 4195 ordinatio
616 4133 682 4195 sive
705 4133 817 4194 adsunt
839 4139 1013 4194 armaturae
1043 4139 1198 4195 tormenta
