2686 5212
648 181 687 242 31

137 358 198 417 nisi
232 359 265 417 in
299 375 364 417 eam
398 357 618 418 ordinationem
650 375 737 431 quam
766 358 924 432 proponit.
971 357 1075 421 Nihilo
1106 360 1203 420 minus

140 465 232 525 etiam
263 483 300 526 ea
331 467 403 526 ficta
438 484 504 526 esse
527 467 651 544 confido,
680 483 735 528 nec
758 468 860 542 magni
891 468 1031 529 debemus
1058 469 1204 545 scriptori

138 573 290 649 inducere,
322 573 400 648 quod
430 592 529 635 secum
558 576 710 635 consentit
742 593 778 636 ea
809 576 841 635 in
863 593 907 653 re,
932 594 998 637 cum
1020 594 1075 652 per
1099 577 1202 651 quina·

137 682 215 741 rium
236 700 391 743 numerum
411 683 561 743 rationem
584 682 663 742 inire
686 701 724 743 ne
745 683 876 758 Vegetio
914 684 1032 758 quidem
1066 683 1203 759 potnerit

138 805 205 849 esse
226 790 383 850 admodum
406 790 540 867 difficile,
565 788 749 864 praesertim
773 789 801 848 si
823 806 962 850 numeros
985 790 1046 850 iam
1068 807 1200 866 praepa-

139 902 225 956 ratos
247 895 413 961 invenerit.

227 1003 260 1064 si
276 1021 349 1064 vero
360 985 590 1065 'commenticios
607 1009 656 1064 est
672 1003 879 1065 centuriarum
895 1021 1047 1082 numerus,
1064 1004 1203 1079 sequitur

136 1116 171 1170 nt
185 1128 223 1171 ne
238 1112 369 1173 militum
385 1112 505 1187 quidem
519 1129 663 1173 numerus
680 1112 721 1196 (c.
747 1111 780 1196 6)
803 1112 952 1187 genuinus
974 1112 1025 1189 sit,
1045 1119 1076 1173 et
1100 1112 1201 1172 nescio

138 1235 177 1277 an
203 1220 253 1280 vel
280 1238 334 1294 per
365 1238 397 1280 se
430 1221 588 1280 falsarium
611 1221 732 1295 prodat.
778 1221 816 1280 In
842 1221 941 1295 prima
964 1222 1043 1280 enim
1074 1222 1201 1281 cohorte

138 1332 209 1384 sunt
242 1325 356 1391 milites
392 1325 486 1404 Mdv,
522 1345 648 1402 quornm
681 1328 764 1387 mille
802 1334 873 1388 sunt
903 1328 1052 1405 gregarii,
1084 1334 1203 1388 centum

139 1431 254 1509 decani,
273 1434 402 1508 quinque
424 1436 627 1511 centuriones,
641 1435 777 1509 reliquae
794 1436 934 1495 cohortes
950 1436 1065 1495 habent
1087 1435 1202 1494 milites

139 1540 232 1617 DLV,
269 1543 435 1618 quingenos
469 1544 652 1620 ordinarios,
678 1544 908 1618 quinquagenos
932 1544 1070 1620 decanos,
1096 1544 1202 1618 quinos

139 1650 339 1709 centuriones.
387 1651 470 1711 Idem
504 1651 601 1726 igitur
637 1653 795 1725 quinorum
828 1652 1036 1712 centurionum
1059 1668 1201 1711 numerus

137 1758 272 1817 omnibus
295 1759 425 1834 legionis
450 1767 498 1819 est
522 1760 706 1820 cohortibus.
754 1760 832 1819 Item
857 1765 948 1819 antea
972 1759 1051 1819 idem
1067 1759 1198 1818 centuri-

136 1881 223 1924 onum
245 1883 385 1927 numerus
409 1867 575 1951 (senorum)
608 1868 641 1926 in
663 1867 798 1929 omnibus
821 1866 1001 1941 legionariis
1026 1866 1201 1926 cohortibus

137 1980 213 2033 erat.
249 1974 345 2049 Atqui
369 1976 396 2035 si
418 1978 517 2050 prima
540 1977 648 2036 cohors
664 1976 774 2050 decem,
791 1974 928 2047 reliquae
944 1974 1053 2047 quinas
1069 1973 1195 2032 habuis·

139 2088 207 2141 sent
225 2085 390 2160 centurias,
408 2085 516 2158 duplus
533 2083 741 2146 centurionum
756 2099 897 2142 numerus
912 2082 945 2140 in
960 2082 1059 2155 prima
1074 2082 1199 2141 cohorte

139 2188 234 2250 inerit
265 2209 388 2250 necesse
412 2198 475 2266 est;
501 2209 587 2266 quem
611 2192 755 2250 decem
786 2189 1103 2248 centurionum
1135 2187 1200 2273 (vel

140 2301 394 2385 centenariorum)
428 2319 591 2377 numerum,
628 2301 706 2360 sicut
742 2316 834 2372 supra
869 2297 964 2373 effeci,
1000 2314 1034 2355 re
1063 2313 1139 2356 vera
1168 2296 1200 2355 in

141 2409 241 2483 capite
276 2412 296 2469 8
331 2411 443 2475 tribuit
477 2408 625 2485 Vegetius
668 2409 788 2470 cohorti
824 2409 957 2483 primae;
998 2408 1070 2481 quin
1108 2407 1201 2467 etiam

138 2518 298 2578 secundum
322 2525 414 2593 caput
436 2518 513 2577 illud
537 2519 667 2592 quinque
691 2515 876 2578 ‘ordinarii’
910 2522 942 2574 et
974 2515 1074 2574 decem
1097 2522 1199 2576 centn·

137 2623 239 2683 ricnes
271 2623 467 2708 (centenarii)
498 2624 530 2684 in
554 2626 678 2685 cohorte
709 2624 808 2699 prima
831 2625 955 2683 fuerunt
968 2621 1002 2705 ¹),
1025 2629 1059 2682 ut
1083 2624 1199 2684 milites

136 2731 279 2792 habuerit
294 2730 418 2808 MOXV‚
436 2750 505 2792 nam
521 2733 598 2806 quod
622 2733 728 2807 Lange
745 2733 820 2792 dicit
845 2731 974 2806 quinque
999 2730 1196 2791 ‘ordinarios’

137 2846 263 2914 propter
291 2841 435 2901 maiorem
466 2840 649 2914 dignitatem
683 2840 715 2899 in
738 2841 869 2899 militum
892 2855 1015 2898 numero
1038 2854 1098 2897 non
1121 2856 1197 2899 com-

136 2947 240 3020 putari
275 2949 352 3008 satis
375 2966 421 3008 me
443 2954 517 3022 puto
540 2949 702 3008 refutasse.
749 2948 892 3008 Retinuit
922 2948 1019 3022 igitur
1050 2947 1196 3008 falsarius

135 3057 285 3116 rationem
306 3075 381 3131 quae
403 3057 486 3116 inter
508 3058 721 3117 centurionum
739 3057 804 3139 (vel
821 3053 1041 3137 centuriarum)
1057 3072 1196 3116 numeros

135 3161 167 3221 in
190 3163 319 3239 singulis
342 3163 472 3238 legionis
496 3163 670 3225 cohortibus
693 3162 913 3240 intercedebat,
930 3163 1063 3224 mutavit
1092 3164 1190 3237 ipsum

135 3287 298 3332 numerum.

221 3380 296 3440 Inde
312 3379 390 3453 quod
405 3377 558 3453 legionum
574 3384 606 3438 et
622 3378 804 3439 auxiliorum
826 3372 1035 3440 ordinationes
1052 3381 1195 3440 confusae

135 3495 216 3566 sunt,
240 3489 422 3565 'explicatur
447 3489 525 3564 quod
549 3489 682 3563 equitnm
704 3489 944 3564 legionariorum
967 3506 1108 3549 numerus
1135 3505 1196 3548 non

136 3596 285 3657 dividitur
325 3613 380 3670 per
425 3595 596 3670 quinarium
637 3612 801 3655 numerum.
855 3598 892 3657 In
930 3595 1077 3671 equitatis
1117 3596 1196 3653 enirn

133 3703 308 3764 cohortibus
325 3704 442 3778 equites
466 3704 613 3765 centuriis
637 3721 697 3764 non
719 3711 809 3765 erant
826 3704 984 3781 adscripti.
1025 3701 1194 3763 Genninum

223 3953 244 4019 ¹)
263 3959 362 4008 Decem
372 3956 519 4007 centenarii
531 3957 648 4022 orginem
667 3955 767 4008 ducunt
785 3971 818 4007 ex
836 3955 982 4006 cohortium
1000 3954 1190 4007 auxilsriarum

131 4043 304 4112 ordinatione,
319 4046 435 4111 quinque
454 4044 607 4097 ‘ordinarii'
626 4059 659 4095 ex
676 4059 723 4094 sex
741 4044 939 4095 centurionibus
955 4043 1057 4108 primae
1075 4043 1191 4096 cohortis

132 4134 180 4200 (ex
198 4135 288 4202 primis
307 4133 460 4202 ordinibus).
