2686 5212
615 209 654 269 41

89 388 268 464 turinnes
260 390 305 464 rgi
308 395 359 459 tur
383 375 556 455 ordinarios
574 389 723 479 intellego
740 404 909 462 sexagenos
925 338 1078 464 legionum
1102 406 1167 470 cen-

92 471 243 595 teriones
263 498 297 557 et
315 513 406 567 senos
428 497 480 559 vel
503 498 594 557 denos
613 494 798 575 cohortium,
834 495 886 570 qul
909 496 1058 589 centuriis
1069 512 1210 594 prae·

94 609 203 684 erant,
228 606 307 681 qui
337 595 392 664 in
403 606 522 680 proelio
549 605 683 699 ordines
723 604 883 664 ducebant
945 605 998 671 Ita
1038 584 1210 704 augetur.¹
1283 656 1288 673 .,

95 712 242 774 Marcelli
253 710 278 795 ¹)
301 713 441 807 crimen,
450 713 529 801 quod
552 730 618 778 oum
640 712 779 774 centurio
810 710 1049 783 ordinatinem
1038 696 1170 786 litaret,

90 818 218 885 reiecto
241 819 369 894 cingulo
387 837 489 880 coram
513 819 611 894 signis
634 817 763 879 abiectis
783 818 877 879 armis
904 824 936 878 et
963 819 1029 880 vite
1053 800 1170 907 milites
1185 862 1211 899 -4

99 924 233 1001 quibus
232 918 340 985 bonam
375 919 567 1031 disciplinam
596 925 775 1001 praelucere
795 916 974 1026 debebatl)
1008 930 1172 1029 corruptae
1318 938 1321 943 '

98 1027 251 1140 praeierit
261 1015 422 1117 exemplo.
549 1094 551 1099 ,

166 1118 245 1200 'ln
257 1141 426 1233 exemplari
459 1128 525 1223 quo
526 1127 696 1202 utebatur
719 1142 869 1218 vegetius
897 1142 944 1227 (et
967 1140 1097 1231 Lydus)
1110 1127 1222 1225 iam]

99 1242 164 1307 non
176 1254 244 1308 exst
231 1237 320 1308 tabat
336 1236 528 1308 enuntiatum
549 1243 606 1324 ιιιιιι
623 1249 811 1321 centurionis
824 1256 946 1326 etymon
958 1238 1171 1344 exhibebatur.
1201 1229 1208 1242 ⁴

99 1344 212 1431 Itaque
235 1352 364 1432 simplex
387 1358 611 1419 ordinariorum
631 1375 739 1419 nomon
760 1357 986 1435 transscripsit,
1012 1340 1086 1434 quos
1107 1373 1174 1418 cnm

99 1450 301 1526 confunderet
337 1482 404 1525 cum
427 1465 593 1526 ordinariis
616 1466 836 1542 cohortalibus,
860 1466 974 1527 adiecit
997 1464 1042 1526 eis
1065 1465 1170 1540 Augu·

102 1572 213 1649 stales,
237 1573 460 1651 Augustalibus
483 1572 591 1634 deinde
613 1572 782 1635 Flavlales
1193 1650 1195 1655 Ι

170 1674 448 1756 Insequentibus
481 1681 620 1742 breuiter
655 1681 909 1756 perstringendus
945 1689 994 1742 est
1023 1641 1176 1743 editorum

101 1792 137 1847 et
159 1787 444 1863 lexicographorum
478 1805 575 1864 error,
598 1804 637 1847 ne
670 1786 814 1848 videatur
848 1787 997 1863 Vegetius
1024 1793 1176 1850 mutatum

56 1956 59 1961 ,
102 1894 367 1970 imaginiferorum
400 1895 524 1955 tradere
561 1910 678 1960 nomen.
726 1895 951 1970 ‘Imaginiferi’
985 1896 1191 1971 scribendum¹

103 2019 172 2062 esse
202 2020 268 2063 oum
298 2003 400 2063 codiee
429 2003 574 2062 Palatino
606 2003 676 2062 inde
709 2002 852 2076 eflicitur,
878 2001 956 2077 quod
980 2002 1176 2078 ‘imaginarii

101 2110 155 2169 vel
177 2110 384 2185 imaginiferi’
409 2111 437 2171 V
460 2111 488 2169 D
511 2110 630 2171 codices
654 2112 803 2184 praebent
824 2117 916 2185 atque
932 2109 1037 2187 Lydus
1059 2127 1176 2187 quoque

104 2215 216 2275 scribit
238 2211 457 2300 ἷμιιγινιφὲριις.

195 2323 278 2394 Quae
301 2323 409 2383 deinde
433 2323 509 2385 dicit
532 2323 681 2398 Vegetius
707 2323 904 2400 ‘campigeni,
929 2325 986 2384 hoc
1017 2331 1064 2386 est
1088 2331 1174 2387 ante·

106 2430 230 2504 signari
276 2438 335 2493 oet
346 2433 489 2492 ’fateor
523 2449 570 2492 me
593 2449 718 2506 prorsus
748 2449 808 2492 non
842 2432 1036 2509 intellegere,
1076 2450 1177 2509 quam·

109 2556 198 2615 quam
220 2538 283 2601 riri
307 2541 388 2602 docti
410 2541 556 2602 nonnulla
580 2541 616 2601 de
639 2540 723 2602 hisce
746 2537 1030 2625 disputaverunti).

198 2650 383 2711 Motatorem
406 2657 442 2711 nt
464 2656 549 2712 recte
564 2668 670 2711 munus
687 2650 831 2726 designat
845 2650 1005 2727 Vegetius,
1029 2652 1076 2710 ita
1098 2649 1181 2711 falsa

109 2758 229 2833 profert
263 2757 300 2818 de
334 2759 533 2835 mensoribus,
570 2760 651 2819 sicut
673 2759 734 2818 iam
757 2758 874 2832 pridem
897 2758 1066 2834 cognitum,
1082 2755 1178 2840 est4).

110 2865 280 2926 bletatores
302 2873 472 2928 castrorum
506 2867 557 2944 qui
580 2871 696 2926 certam
720 2871 818 2925 artem
840 2865 1060 2940 profiterentur
1094 2865 1179 2926 eirca

41 2988 47 2993 ·
110 2968 240 3032 medium
270 2975 399 3049 primum
430 2993 459 3041 a.
484 2974 515 3035 C.
540 2992 570 3035 n.
595 2973 748 3033 saeculnm
770 2973 916 3033 videntur
939 2990 1006 3032 esso
1029 2972 1179 3060 instituti

114 3080 262 3156 Polybius
292 3082 376 3141 enim
399 3082 468 3166 (VI,
493 3082 546 3158 41,
571 3080 605 3166 l)
631 3081 786 3141 tribunum
808 3080 886 3141 dicit
908 3082 1093 3154 praecedere
1116 3097 1183 3140 cum

114 3168 342 3249 centurionibus
377 3189 423 3249 eis
452 3190 503 3264 qui
527 3206 645 3264 semper
668 3187 739 3247 huic
762 3187 847 3263 operi
871 3187 1066 3263 deputentnr,
1094 3194 1184 3248 utet

116 3348 271 3361 ...Ἀ-...-
280 3354 328 3361 -η

206 3473 227 3540 ¹)
246 3472 391 3527 Ruinartl.
411 3474 471 3541 ιιι.
490 3475 542 3525 att
561 3490 600 3539 sq.

205 3561 230 3628 ⁸)
250 3565 285 3618 cf.
303 3565 368 3616 Tac.
387 3565 451 3631 Agr.
470 3564 515 3617 ιιι.

206 3651 334 3721 ³)Vales.
359 3653 393 3704 ad
417 3655 500 3705 dmm.
519 3654 592 3719 XIX,
612 3655 637 3718 6,
659 3655 699 3705 ιι.
736 3653 775 3704 Le
793 3652 866 3704 Beau
883 3652 901 3702 l.
921 3651 938 3701 ι
957 3652 1058 3704 XXXV
1076 3669 1103 3719 p.
1123 3650 1184 3702 abo.

117 3744 214 3797 Goeler
232 3745 257 3796 ιι.
277 3745 389 3810 Kampsa
406 3744 432 3795 b.
452 3746 486 3796 D.
506 3750 556 3796 cet
577 3762 603 3812 p.
625 3748 684 3796 116.
1194 3803 1197 3809 ,

207 3831 229 3899 ⁴)
249 3835 341 3900 Lange
366 3833 401 3885 ad
429 3835 528 3900 Hygia.
548 3849 574 3900 p.
594 3834 646 3884 itt
677 3834 841 3886 ‘Discrimen
871 3834 1036 3903 (metatorum
1060 3841 1087 3885 et
1114 3850 1186 3885 men-

117 3925 218 3989 sorum)
239 3927 296 3977 sine
315 3923 395 3975 dubio
413 3924 465 3991 ipsi
489 3925 601 3989 Vegetio
620 3924 746 3990 originem
768 3938 842 3975 suam
861 3928 998 3991 acceptum
1027 3923 1116 3986 refert,
1141 3924 1188 3989 qui

118 4013 269 4065 nominibus
289 4013 400 4063 diversis
417 4013 515 4064 auditis
531 4028 587 4064 rem
605 4029 710 4080 qnoque
728 4013 859 4064 diversam
868 4031 925 4066 esse
938 4021 1046 4080 putasse
1058 4010 1187 4065 videtur’.

118 4104 155 4156 cf.
175 4103 200 4154 d.
219 4104 285 4157 r'dm.
304 4100 469 4154 Feldmesser
480 4101 521 4154 ed.
541 4102 643 4163 Blume‚
661 4103 823 4163 Lachmann,
841 4103 955 4154 Rudorff
969 4103 997 4154 11
1015 4120 1041 4170 p.
1061 4103 1110 4154 821
1132 4106 1187 4154 not.

120 4192 172 4244 240
192 4191 250 4242 'die
269 4191 499 4258 Unterscbeidung
518 4192 564 4243 des
584 4192 710 4258 vegetius
729 4194 764 4242 ist
781 4206 815 4241 an
830 4189 937 4259 speciell
949 4193 964 4242 ’.
