2686 5212
643 233 684 289 27

134 412 298 487 quotannis
311 411 524 471 scribebantur
537 427 634 470 novae
646 412 794 486 legiones,
823 426 899 485 quae
911 414 1050 484 tempora
1065 411 1198 485 produnt

135 518 241 578 ‘binae
257 517 406 592 legiones'
425 524 456 575 et
473 517 610 577 eonsules
624 519 777 579 exercitus
792 518 881 578 duces
895 517 934 600 (c.
952 515 997 598 4),
1016 534 1198 594 quorumque

133 625 283 699 legionem
299 623 446 697 Vegetius
471 623 550 683 dixit
567 642 599 685 se
621 643 688 685 esse
705 626 935 700 descripturum.
973 625 1104 700 Reliqua
1123 642 1200 699 quae
1257 652 1260 657 ·

134 730 166 789 in
180 731 282 790 eodem
294 729 452 791 enuntiato
465 731 610 804 leguntur
622 730 883 805 imperatorumet
896 731 1049 791 exercitus
1058 730 1200 807 perpetui

134 837 274 897 redolent
297 843 445 911 tempora.

224 944 341 1003 Deinde
364 943 498 1003 mirabar
520 961 574 1003 our
590 944 693 1003 eodem
707 944 773 1003 loco
790 943 826 1002 de
839 949 1029 1003 sacramento
1043 949 1198 1021 ageretur,

135 1057 242 1125 utpote
276 1052 354 1125 quod
388 1051 509 1110 minimo
544 1051 716 1125 pertineret
752 1051 791 1111 ad
813 1051 944 1125 legionis
968 1051 1199 1111 ordinationem.

137 1158 196 1218 Sed
218 1159 394 1233 pertinebat
406 1159 577 1233 antiquitus
597 1160 636 1219 ad
648 1159 779 1234 legionis
791 1161 1012 1235 formationem,
1026 1165 1060 1219 ut
1076 1159 1202 1235 Vegetii

137 1284 229 1327 causa
250 1268 307 1327 hoc
329 1272 402 1327 utar
425 1266 590 1330 uocabulo.¹
628 1267 706 1327 Nam
737 1264 987 1350 ἕπιτελεσθείσης
1020 1268 1076 1349 τῆς
1106 1291 1201 1329 κατα-

136 1381 256 1459 γραφῆς
278 1376 379 1451 inquit
401 1375 549 1450 Polybius
562 1375 617 1451 VI,
635 1375 719 1452 sti
745 1372 950 1455 ἀθροίσαντες
973 1371 1043 1449 τούς
1065 1372 1202 1456 ἐπειλεγ-

136 1479 244 1564 μὲνους
282 1481 311 1546 οἱ
345 1480 546 1566 προσήκοντες
580 1488 644 1546 τῶν
693 1480 864 1565 χιλιάρχων
901 1480 992 1545 καθ’
1024 1480 1202 1545 ἕκαστον

139 1587 467 1672 στρατόπεδόνῙ)
490 1636 522 1650 ..
560 1586 808 1672 ἔξορκῖζουσιν2).
856 1590 921 1649 Iam
958 1590 1094 1650 videmus
1131 1589 1203 1663 quid

138 1699 244 1758 valeat
271 1699 372 1757 ‘nam’
404 1699 568 1773 particula.
615 1698 732 1758 Auctor
756 1698 854 1772 igitur
879 1697 927 1757 oui
949 1700 1074 1757 verbum
1099 1699 1198 1772 ‘legio

138 1809 305 1868 formatur'
331 1809 467 1883 debetur,
486 1826 551 1867 cum
573 1809 608 1866 de
633 1808 804 1867 scribendis
827 1807 998 1882 legionibus
1023 1814 1141 1884 ageret,
1167 1808 1203 1869 de
1228 1827 1229 1830 ¹

140 1894 330 1977 sacramento
360 1934 474 1991 quoque
505 1918 673 1976 rettulerat
694 1935 746 1976 suo
774 1917 850 1976 iure.
887 1916 972 1987 Quod
995 1934 1060 1976 cum
1083 1916 1204 1978 videret

140 2025 289 2100 Vegetius
320 2026 443 2086 eandem
474 2042 538 2083 rem
572 2024 692 2100 etipse
716 2025 775 2083 sibi
800 2024 887 2084 duxit
910 2025 1113 2100 tractandam,
1151 2025 1205 2084 scd

140 2137 176 2190 ut
199 2133 330 2206 diligens
354 2134 440 2192 homo
465 2137 496 2190 et
520 2132 626 2190 doctus
651 2148 726 2205 quae
755 2132 861 2192 deesse
884 2132 1068 2192 videbantur
1091 2131 1205 2191 adiecit

142 2242 317 2315 veterisque
348 2239 483 2300 auctoris
515 2241 610 2300 verba
641 2239 673 2299 in
707 2239 808 2313 eapite
843 2239 945 2314 posuit
977 2247 1122 2302 extremo.
1169 2240 1206 2300 Id

142 2348 201 2405 sibi
225 2348 331 2407 volunt
354 2347 491 2421 repetita
515 2345 637 2405 ‘iurant
659 2347 778 2405 autem’
803 2349 909 2422 verba,
935 2345 1041 2419 quibus
1058 2346 1108 2406 hic
1124 2346 1204 2406 anti·

143 2471 200 2528 qua
223 2452 288 2512 illio
311 2469 416 2512 recens
441 2453 636 2527 subiungitur
660 2441 828 2513 doctrinas

231 2560 343 2619 Eodem
382 2561 466 2620 modo
497 2560 688 2634 expediemus
725 2561 803 2634 quod
832 2559 865 2619 in
889 2560 989 2634 capite
1013 2561 1032 2619 8
1056 2559 1205 2635 Vegetius

142 2668 269 2742 primum
292 2669 386 2741 pilum
417 2668 449 2726 in
471 2667 569 2741 prima
592 2668 719 2741 primum
750 2670 908 2727 hastatum
930 2668 962 2727 in
985 2668 1115 2727 secunda
1140 2668 1206 2727 acie

142 2795 212 2838 suos
236 2785 395 2852 utrumque
418 2779 533 2837 milites
557 2779 680 2838 duxisse
708 2778 795 2839 dicit.
843 2779 951 2840 Petita
974 2782 1049 2840 haec
1073 2786 1144 2838 sunt
1168 2798 1205 2839 ex

143 2885 208 2943 eius
232 2885 346 2944 aetatis
369 2903 435 2961 usu,
466 2903 530 2944 cum
553 2903 607 2959 per
630 2887 772 2944 hastatos
795 2887 949 2960 principes
972 2887 1101 2946 triarios
1125 2886 1206 2945 acies

143 2993 370 3067 instruebatur3
396 3012 455 3054 non
465 2995 552 3068 quasi
564 3001 667 3068 putem
680 2995 843 3069 Vegetium
855 2997 969 3069 legisse
982 2997 1015 3054 in
1030 2995 1206 3055 auctoribus

144 3103 206 3161 suis
242 3101 369 3161 triarios
397 3102 430 3160 in
462 3103 561 3176 prima
596 3103 661 3162 acie
695 3103 894 3177 constitisse,
930 3105 983 3162 sed
1003 3105 1145 3163 hastatos
1169 3119 1207 3161 ex

144 3227 226 3268 more
261 3226 313 3268 suo
342 3209 528 3268 insecundo
552 3210 617 3268 acie
641 3210 789 3286 conlocat,
822 3215 853 3267 et
877 3210 1090 3283 cumprimum
1113 3209 1208 3283 pilum

145 3317 241 3375 sciret
253 3314 417 3389 dignitate
433 3323 594 3388 praestare
610 3316 745 3391 hastato,
769 3316 801 3374 in
817 3316 915 3389 prima
931 3317 996 3376 acie
1013 3334 1078 3375 eum
1094 3317 1208 3389 posuit.

147 3423 206 3484 Cur
228 3424 343 3482 tertiae
367 3424 444 3483 aciei
460 3442 519 3483 non
530 3425 673 3484 habuerit
689 3425 870 3484 mentionem
885 3425 966 3484 baud
978 3425 1069 3484 facile
1082 3424 1206 3485 dixeris.

146 3510 293 3590 Fortasse
324 3531 437 3591 oblitus
461 3539 509 3590 est
533 3538 597 3608 aut,
633 3532 665 3590 id
689 3533 766 3606 quod
789 3533 892 3606 potius
915 3533 1045 3608 credam,
1080 3537 1208 3606 propter

147 3638 360 3700 difficultatem
395 3659 459 3700 eam
494 3640 622 3727 omisit„
652 3641 814 3716 Principes
846 3641 925 3701 enim
953 3659 1070 3716 semper
1092 3641 1208 3715 primae

147 3747 224 3807 aciei
248 3748 369 3825 tribuit,
394 3749 442 3808 cui
466 3749 620 3822 quominus
643 3749 694 3810 hic
718 3749 885 3825 principem
908 3750 1097 3810 adscriberet
1117 3748 1207 3823 impe·

237 4005 258 4071 ¹)
278 4007 372 4058 Statim
403 4008 472 4058 enim
502 4008 530 4056 in
557 4007 674 4074 singulas
697 4006 814 4073 legiones
841 4006 904 4058 lecti
931 4009 1015 4069 erant,
1046 4004 1141 4072 Polyb.
1160 4007 1208 4075 VI,

149 4097 192 4165 20,
203 4097 228 4148 3.
246 4099 273 4150 4.

238 4181 259 4251 ¹)
279 4185 312 4237 er.
333 4183 401 4238 oeli.
421 4185 493 4243 sut,
514 4187 538 4244 4,
559 4187 582 4236 a.
