2686 5212
634 186 674 244 51

101 365 210 429 facllis
244 372 293 428 est
323 365 501 441 explicatio.
547 363 693 425 Romulus
725 362 814 439 enlm,
844 367 880 423 ut
899 362 1053 423 Paternus
1073 368 1180 423 auctor

103 480 158 547 est
180 474 283 559 (apud.
306 473 384 551 Lyd.
410 475 438 534 d.
462 491 541 547 mag.
566 473 593 548 Ι,
617 469 663 554 9),
688 470 826 532 centenis
841 469 991 531 militibus
1006 487 1077 531 snos
1092 487 1180 545 prae·

102 581 211 657 posuit
244 581 334 641 duces
358 579 561 655 centuriones,
597 583 632 638 ut
655 578 688 637 in
710 577 832 652 legione
861 582 964 639 essent
987 577 1181 639 centuriones

103 686 243 763 triginta
260 686 447 761 totidemque
480 684 638 761 manipuli,
675 684 727 759 qui
750 683 922 745 rectissime
945 684 1181 759 adpellabautur

105 794 274 855 centuriae.
310 792 427 853 Postea
449 810 534 869 vero,
559 809 625 853 eum
647 791 735 852 binos
756 768 907 852 haberent
929 797 1067 853 rectores
1086 792 1181 853 mani·

104 902 173 977 puli
195 907 227 962 et
250 901 343 962 alteri
366 900 548 961 excederent
572 899 666 961 alteri
688 916 749 960 non
772 904 942 975 aequarent
975 900 1183 961 centenarium

104 1027 271 1086 numerum,
294 1027 355 1070 non
377 1009 438 1070 iam
460 1013 606 1085 poterant
626 1009 733 1069 vocari
756 1008 924 1073 centuriae.
974 1007 1089 1070 Contra
1111 1015 1183 1085 post
1225 1087 1227 1091 y

106 1120 238 1181 hiarium
253 1119 407 1183 exereitus
423 1119 547 1178 minima
562 1135 700 1194 corpora,
719 1134 784 1179 cum
800 1124 890 1178 aucto
913 1118 1045 1194 legionis
1060 1136 1183 1183 numero

107 1234 252 1289 centenos
274 1229 425 1289 haberent
448 1227 563 1287 milites
588 1233 750 1302 essentque
777 1225 841 1286 suis
865 1227 920 1286 sub
943 1228 1183 1308 centurionibus,

108 1335 267 1397 verissime
290 1335 542 1410 nuncupabantur
566 1335 733 1394 centuriae.

197 1443 310 1503 Restat
332 1449 368 1502 ut
388 1442 426 1503 ad
449 1441 578 1517 primum
600 1459 629 1502 a.
655 1440 688 1502 0.
713 1459 743 1501 n.
769 1442 922 1503 saeculum
939 1459 1005 1503 cum
1020 1443 1183 1522 manipulis

108 1551 172 1611 suis
209 1551 390 1627 confugiant
424 1548 608 1615 aduersarii.
664 1547 839 1611 Concedunt
873 1551 992 1625 quidem
1029 1554 1185 1615 centurias

107 1660 203 1720 fuisse
226 1666 298 1735 post
320 1660 459 1737 Marium,
485 1659 539 1720 scd
563 1655 635 1719 cum'
652 1661 760 1719 cohors
785 1677 823 1719 ex
849 1659 1014 1735 manipulis
1045 1662 1184 1736 pluribus

109 1769 252 1843 copulata
285 1767 391 1844 fuerit,
428 1764 598 1828 obtinuisse
632 1764 742 1827 volunt
775 1765 955 1842 manipulos.
1006 1769 1092 1840 Quod
1127 1788 1184 1845 quo

109 1878 239 1953 probent
251 1876 305 1937 vix
329 1876 471 1937 adferent
494 1876 663 1936 Varronem
676 1875 711 1959 (l.
736 1873 774 1957 1.)
787 1892 1003 1950 -perpcram
1030 1877 1109 1937 enim
1132 1880 1183 1939 ad-

108 1987 283 2046 ferrent-
296 1985 487 2061 opinionibus
516 2003 581 2045 rem
604 1990 727 2059 gerunt.
768 1983 815 2044 Ne
838 1984 871 2043 id
905 1984 1024 2059 quidem
1051 1986 1127 2047 licet
1146 2007 1184 2049 ex

108 2093 153 2153 els
177 2094 342 2171 sciscitari,
368 2112 424 2170 quo
456 2096 580 2155 tandem
615 2093 738 2154 vinculo
762 2093 942 2154 coniunctae
959 2094 1077 2155 fuerint
1094 2097 1184 2159 binae

108 2205 265 2265 centuriae
299 2211 335 2264 ut
367 2203 537 2278 manipulos
579 2204 738 2264 efficerent
772 2203 805 2262 in
838 2203 1014 2264 cohortibus
1044 2214 1184 2281 possent·

110 2328 167 2387 quo
193 2330 252 2373 uno
290 2313 414 2374 nomine
450 2311 567 2376 vocari.
614 2310 860 2371 Comminiscitur
893 2311 1075 2387 Marquardt
1097 2316 1185 2378 velut

109 2436 139 2494 p.
173 2420 247 2480 334.
274 2421 337 2480 360
369 2437 414 2494 sq.
446 2418 653 2480 centurionem
683 2419 817 2495 priorem
844 2419 967 2480 duxisse
989 2421 1184 2501 manipulum,

110 2529 311 2604 posteriorem
349 2529 465 2603 prioris
506 2528 634 2605 imperio
670 2527 820 2604 paruisse.
872 2528 921 2588 An
953 2546 1028 2590 uero
1059 2528 1184 2607 Polybii

111 2643 248 2712 tempore
275 2637 414 2698 centurio
449 2637 535 2713 prior
566 2643 688 2713 partem
722 2643 843 2698 tantum
875 2637 1015 2698 dextram
1037 2640 1185 2716 manipuli

111 2746 208 2822 duxit,
244 2757 350 2821 postea
374 2763 439 2829 cum
463 2762 595 2820 corpora
627 2745 745 2805 maiora
768 2744 938 2805 cohortium
961 2745 1046 2806 facta
1070 2754 1183 2825 essent,

110 2855 144 2915 in
175 2855 219 2915 eis
250 2855 388 2930 praefuit
418 2854 508 2917 toti?
556 2854 740 2929 Philosophi
773 2853 964 2914 lucubrantis
999 2861 1091 2933 essct,
1125 2874 1185 2918 non

111 2964 309 3039 imperatoris
343 2981 408 3024 rem
448 2963 615 3024 militarem
651 2961 794 3024 callentis
830 2962 964 3023 maiores
992 2965 1182 3028 constituere

112 3088 256 3132 numeros
291 3089 328 3132 ex
349 3071 516 3133 minorihus
545 3078 577 3133 et
609 3070 775 3132 maioribus
809 3071 858 3130 his
888 3072 1047 3146 pauciores
1071 3075 1183 3137 addere

114 3180 203 3241 duces
226 3186 348 3241 -tres
372 3180 451 3241 onim
473 3181 670 3242 centuriones
687 3180 807 3256 priores
824 3180 985 3241 secundum
1000 3182 1179 3258 Marquard-

114 3289 191 3349 tium
214 3292 426 3365 gubernavere
458 3290 622 3350 cohortem.
670 3288 847 3349 Crastinum
877 3296 1035 3349 evocatum
1059 3292 1110 3365 qui
1134 3311 1181 3355 sn-

115 3398 237 3473 periore
260 3415 338 3459 anno
362 3399 490 3473 primum
513 3398 608 3473 pilum
631 3397 772 3474 duxerat,
797 3413 862 3457 cum
887 3399 1093 3473 manipulares
1111 3418 1182 3463 suos

117 3506 169 3581 qui
191 3506 325 3567 inissent
349 3507 435 3583 sequi
456 3524 489 3567 se
512 3502 804 3595 iussissetficentnm
826 3505 943 3582 viginti
965 3507 1080 3569 milites
1104 3510 1182 3572 cius·

116 3614 182 3674 dem
216 3613 371 3676 centuriae
406 3620 478 3675 suut
502 3615 600 3676 secuti
611 3610 648 3698 1).
695 3614 844 3691 Manipuli
876 3614 1123 3691 Marquardtianl
1154 3621 1182 3680 sl

115 3723 259 3800 fuissent,
284 3721 446 3783 crastinus
461 3723 634 3799 primipilus
659 3729 758 3785 totum
779 3723 964 3800 manipulum
979 3726 1114 3787 rexisset
1130 3744 1180 3789 ne·

116 3851 200 3895 cesse
231 3838 330 3907 esset3
355 3840 418 3894 tum
448 3850 524 3895 vero
548 3832 698 3895 ‘elusdcm
732 3833 909 3896 centuriao’
934 3843 1057 3896 careret
1080 3855 1179 3899 sensu.

116 3979 328 3991 -.—-———--..

208 4085 228 4151 ¹)
249 4088 324 4139 Cass.
344 4087 373 4137 B.
395 4087 545 4146 c.111,s1.
582 4087 645 4137 Non
664 4088 794 4149 probatur
811 4089 875 4139 mihi
893 4089 1025 4139 sentemla
1036 4087 1180 4139 Rucstowii

117 4179 276 4229 Heerweseu
294 4192 321 4229 u
341 4176 441 4243 Krisgf.
462 4172 552 4228 (ἕποι’
561 4192 589 4243 p.
601 4177 645 4228 30.
