2686 5212
653 205 692 297 gl

134 381 216 453 Nam
239 384 266 441 si
287 383 359 456 quid
380 384 428 443 his
451 385 483 442 in
505 385 596 444 rebus
612 387 715 457 potest
730 383 823 457 vinei,
848 381 1019 442 Wilmanns
1043 383 1117 441 mihi
1133 399 1205 442 sane

134 464 260 573 videtur
282 491 427 565 probasse
451 489 589 573 (llplrem.
614 490 711 564 epigr.
736 490 752 549 I
778 507 809 564 p.
826 488 994 575 81-,105)
1010 491 1200 563 praefectum

135 601 309 655 castrorum
332 601 364 654 et
387 596 574 670 praefectum
589 595 721 670 legionis
736 612 796 654 non
819 594 914 654 fuisse
930 601 1066 670 tempore
1083 596 1204 672 eodem,

135 681 385 777 sedpraefeotos
408 709 578 762 castrorum
594 719 660 762 esse
681 688 808 763 desiisse
831 705 1000 778 imperante
1025 706 1089 765 fere
1102 704 1202 779 Septi-

134 809 196 869 mio
230 809 353 885 Severo,
387 815 459 869 tunc
490 816 606 869 mutato
638 810 757 870 nomine
791 813 964 886 praefectos
994 813 1126 887 legionis
1151 830 1203 872 eos

134 933 204 974 esse
237 916 409 990 adpellatos
444 919 550 978 additu
572 917 705 978 fortasse
737 924 769 978 et
792 927 882 979 aucta
905 926 1071 994 potestate.
1118 920 1203 979 Idem

133 1026 259 1105 notavit
282 1025 325 1109 (p.
355 1025 430 1110 103)
454 1027 579 1103 Vegetii
603 1044 738 1087 errorem
760 1025 892 1099 legionis
924 1028 1081 1102 praefecto
1114 1029 1203 1088 eomi-

133 1133 222 1193 tivae
244 1135 335 1208 primi
359 1135 475 1195 ordinis
500 1137 684 1212 dignitatem
707 1135 883 1196 tribuentis.

226 1241 336 1302 Merito
360 1243 459 1316 igitur
480 1244 641 1304 miraberis
665 1244 788 1305 diversa
809 1242 932 1318 utrique
947 1259 1072 1302 munera
1085 1242 1200 1303 adseri·

134 1350 209 1407 bere
232 1348 403 1430 Vegetium,
434 1369 500 1411 cum
533 1353 598 1413 iere
626 1353 730 1413 eadem
760 1353 876 1413 fuerint
899 1369 1022 1412 necesse
1045 1353 1097 1412 sit.
1145 1353 1204 1413 Sed

135 1456 229 1516 facile
267 1463 364 1517 artem
402 1460 467 1519 eius
502 1477 674 1537 cognosces,
710 1462 737 1521 si
780 1478 905 1521 munera
944 1461 1001 1520 illa
1040 1460 1206 1521 contuleris

126 1565 270 1624 cumeis
296 1584 372 1641 quae
396 1568 569 1629 Wilmanns
593 1570 760 1643 composuit
783 1568 911 1653 (1194).
943 1569 1112 1628 Distribuit
1128 1570 1206 1630 enim

135 1679 172 1733 ut
194 1674 281 1734 homo
304 1682 443 1736 accuset
466 1678 571 1737 doetus
596 1677 717 1752 singula
734 1677 835 1737 officia
857 1677 904 1736 ita
926 1682 962 1736 ut
980 1677 1102 1751 utrique
1118 1677 1207 1738 daret

137 1796 215 1853 quae
250 1781 378 1841 maxime
410 1783 518 1843 cadere
542 1784 725 1845 videbantur
756 1784 789 1843 in
811 1784 942 1842 alterum
965 1788 1075 1843 utrum.
1124 1783 1206 1853 Quae

135 1886 177 1946 ad
200 1887 401 1966 disciplinam,
426 1891 465 1949 ad
480 1891 629 1950 exercitia
644 1891 851 1966 pertinebant,
870 1890 1001 1964 legionis
1018 1890 1206 1964 praefectum

135 1995 248 2054 ⁰urare
271 1997 380 2056 voluit.
429 1997 512 2069 Quae
542 1999 676 2058 sirecte
712 1999 870 2073 disputata
893 2005 974 2073 sunt,
998 1999 1136 2072 sequitur
1159 2002 1204 2072 ut,

135 2103 198 2162 nisi
233 2103 361 2163 aliorum
391 2105 576 2164 testimoniis
612 2108 853 2182 comprobentur,
887 2106 1085 2166 diffidendum.
1102 2104 1205 2179 potius

135 2211 181 2270 sit
201 2210 245 2269 eis
273 2228 349 2284 quae
372 2212 410 2270 de
433 2217 602 2272 castrorum
624 2214 775 2287 praefecti
798 2215 970 2272 muneribus
988 2214 1085 2288 docet,
1103 2229 1203 2287 quam-

136 2337 226 2394 quam
248 2320 317 2378 nolo
342 2320 432 2394 plane
455 2339 511 2395 pro
535 2321 615 2380 fictis
637 2339 673 2381 ea
695 2323 816 2381 habere.
865 2322 972 2381 Omnia
996 2323 1075 2380 enim
1098 2322 1203 2380 cohae-

134 2432 208 2486 rent
231 2427 332 2500 aliquo
356 2427 441 2487 modo
474 2446 540 2488 cum
563 2429 721 2510 eastris1).
768 2429 1070 2490 Valetudinariorum
1102 2445 1204 2486 euram

134 2535 229 2614 Ima
254 2534 296 2618 (p.
312 2535 406 2619 67,9)
426 2537 538 2596 tribuit
561 2538 721 2611 principiis
738 2537 929 2611 tribunisque
954 2544 986 2596 et
1004 2537 1064 2610 ipsi
1089 2536 1203 2610 comiti,

135 2650 169 2704 et
203 2651 271 2704 erat
305 2646 496 2706 tribunorum
528 2647 771 2706 valetudinarios
806 2647 957 2721 inspicere
969 2642 1007 2727 2).
1071 2645 1199 2704 Accedit

136 2754 216 2829 quod
246 2772 282 2814 ea
313 2772 388 2829 quae
420 2755 453 2814 in
483 2757 542 2815 fine
573 2757 684 2831 eapitis
714 2757 859 2831 leguntur
898 2755 944 2814 ‘is
976 2760 1046 2829 post
1078 2755 1202 2827 longam

134 2862 353 2937 probatamque
385 2863 528 2922 militiam
560 2864 763 2938 peritissimus
799 2863 928 2922 omnium
961 2863 1133 2936 legebatur,
1166 2867 1202 2920 ut

134 2974 221 3028 recte
240 2954 372 3030 ¹doceret
395 2971 472 3030 alios
495 2972 572 3045 quod
595 2971 660 3045 ipse
684 2988 749 3030 cum
771 2970 860 3029 laude
884 2969 1025 3029 fecisset’
1062 2968 1199 3042 quamvis

135 3073 470 3160 1·eotissime³)inepta
493 3083 564 3136 sunt
586 3078 643 3136 hoo
665 3078 740 3137 loeo.
774 3076 852 3135 Nam
876 3092 949 3150 quas
966 3092 1015 3133 res
1037 3075 1203 3135 doceantur

134 3181 250 3242 milites
274 3200 293 3243 a
315 3185 471 3259 praefecto
496 3190 666 3244 castrorum
689 3202 814 3259 prorsus
838 3185 1026 3259 ignoramus,
1060 3184 1138 3243 nihil
1162 3183 1198 3241 de

134 3291 185 3349 his
216 3307 308 3365 supra
331 3292 444 3352 dietum
467 3298 525 3367 est,
549 3292 610 3351 nisi
630 3326 673 3337 -
698 3293 730 3351 id
753 3292 831 3366 quod
854 3299 885 3351 et
908 3292 1006 3365 ipsum
1034 3296 1084 3350 sat
1107 3307 1199 3365 aegre

134 3398 224 3458 fit-
241 3406 410 3461 castrorum
426 3401 608 3477 positionem
631 3401 708 3461 valli
721 3407 752 3461 et
769 3401 871 3461 fossae
887 3401 1131 3461 aestimationem
1143 3401 1202 3459 huo

231 3627 252 3696 ¹)
272 3631 305 3684 cf.
324 3632 421 3683 Renier
447 3632 548 3684 conscii
565 3632 598 3684 de
618 3648 713 3700 guerre
730 3637 793 3685 tenu
812 3647 861 3698 par
882 3632 959 3683 Titus
981 3629 1068 3694 (mem.
1079 3629 1111 3681 de
1123 3629 1200 3682 l'inst.

134 3725 198 3793 imp.
218 3722 291 3773 acad.
310 3723 334 3772 d,
352 3723 432 3774 inser.
451 3728 478 3774 et
494 3721 576 3774 belles
593 3721 685 3774 lettres
693 3721 803 3786 XXVL)
831 3737 857 3787 p.
876 3720 927 3770 80³
956 3720 994 3770 ‘le
1011 3735 1072 3771 nom
1091 3717 1146 3770 seul
1165 3719 1202 3769 du

135 3792 289 3881 praefectus
307 3818 452 3864 castrorum
470 3811 541 3863 suffit
558 3826 626 3879 pour
644 3827 710 3863 nous
728 3811 794 3861 faire
812 3808 949 3860 connaitre
966 3824 1008 3860 ses
1020 3808 1202 3860 attributione:

135 3884 226 3953 c⁴dtait
242 3918 295 3955 une
312 3907 383 3954 sorte
401 3901 434 3952 de
452 3900 636 3953 commendant
647 3900 681 3951 de
692 3898 784 3962 place’.
807 3898 920 3950 Easdem
932 3899 1104 3965 cogitationes
1116 3897 1202 3962 potest

134 3992 263 4058 Vegetius
281 3993 368 4043 animo
388 3989 510 4041 volvisse.

226 4075 248 4142 ²)
265 4079 328 4145 Dig.
345 4078 442 4143 XLIX,
462 4078 505 4144 16,
519 4077 549 4130 ta
567 4076 612 4131 fin.
630 4076 665 4128 ef.
683 4076 838 4148 Marquardt
857 4094 883 4143 p.
903 4079 962 4130 539.

226 4165 248 4238 ⁸)
266 4168 509 4237 ef.i1arquarutp.
528 4168 589 4219 ms.
625 4167 691 4219 Tae.
710 4181 771 4219 ann.
789 4166 812 4233 1,
830 4167 873 4220 20.
