2686 5212
647 171 684 229 11

134 356 286 424 postremo
310 361 375 410 cum
398 368 435 410 ex
458 351 629 424 legionibus
653 348 767 423 dempti
790 356 893 409 essent
924 349 1051 424 equites,
1075 351 1197 420 praeto-

134 457 215 516 riani
238 457 357 532 equites
379 476 399 517 a
421 458 597 518 cohortibus
621 463 711 517 erant
734 457 882 531 separati,
906 456 987 516 sicut
1019 470 1056 515 ex
1079 451 1198 528 Hygini

133 567 306 642 fragmento
322 568 464 628 efficitur.
489 568 597 642 ltaque
620 566 808 627 temeritatis
831 566 943 625 crimen
958 581 1018 625 non
1036 563 1197 636 incurram,

134 674 162 734 si
185 692 340 735 numerum
361 675 495 750 equitum
518 675 757 750 legionariorum
779 680 899 735 auctum
923 692 989 735 esse
1006 677 1144 733 statuero
1160 671 1198 730 ab

135 779 237 840 eodem
259 780 444 855 imperatore
467 798 486 840 a
509 797 565 855 quo
586 786 706 841 mutata
727 781 770 839 sit
786 780 920 853 equitum
935 777 1199 853 praetorianorum

134 888 298 952 ordinatio.
332 889 471 950 Matutae
493 906 566 949 vero
589 888 678 948 huius
702 887 904 947 ordinationis
928 886 1055 960 primum
1070 884 1201 957 adparet

134 995 300 1070 vestigium
322 973 354 1055 in
388 996 481 1056 titulo
506 992 538 1055 0.
563 996 589 1056 I.
611 996 647 1056 L.
672 995 727 1071 VI,
750 994 863 1055 2375b
887 993 958 1077 (eol.
984 994 1003 1051 3
1028 1010 1058 1054 v.
1076 987 1143 1072 30),
1168 989 1200 1048 in

135 1119 192 1178 quo
215 1103 381 1179 perscripti
405 1109 476 1164 sunt
498 1105 613 1164 milites
637 1103 688 1178 qui
712 1103 847 1163 militare
870 1106 1034 1175 coeperunt
1058 1099 1146 1159 annis
1169 1115 1198 1173 p.

135 1209 167 1273 (i.
192 1230 221 1272 n.
250 1213 311 1273 119
337 1219 369 1273 et
396 1208 507 1296 1201).

223 1318 381 1379 Terminos
411 1319 509 1394 igitur
546 1319 632 1378 intra
666 1335 739 1393 quos
774 1318 959 1379 mutationes
991 1318 1066 1377 illae
1098 1317 1200 1392 iactae

135 1430 216 1500 sunt,
240 1425 384 1485 habemus
400 1424 582 1499 Vespasiani
599 1431 630 1483 st
646 1423 798 1484 Hadriani
814 1431 962 1499 tempora,
988 1429 1019 1483 et
1036 1440 1102 1483 eum
1122 1423 1200 1482 certi

135 1531 212 1592 nihil
236 1534 380 1608 sciamus,
410 1533 448 1593 ad
470 1533 568 1607 ipsum
591 1551 643 1592 eas
666 1534 832 1593 referemus
849 1533 1051 1607 Hadrianum,
1091 1536 1200 1606 utpote

135 1639 187 1712 qui
209 1645 280 1713 post
295 1637 456 1699 Gaesarem
472 1639 673 1700 Octavianum
696 1640 851 1700 labantem
874 1640 1066 1715 disciplinam
1081 1638 1201 1698 incuria

133 1746 321 1821 superiorum
352 1747 522 1822 principum
560 1747 734 1807 retinuerit’
747 1746 773 1830 ²)
812 1764 972 1820 omnesque
1004 1746 1107 1820 copias
1149 1746 1197 1805 ita

135 1853 298 1929 ordinarit,
326 1859 361 1915 ut
385 1871 461 1928 quae
485 1853 669 1914 instituerat
693 1855 790 1914 etiam
805 1853 913 1915 Severi
929 1854 1099 1913 Alexandri
1126 1859 1199 1912 tem-

134 1981 208 2039 pore
230 1964 263 2023 in
277 1981 341 2023 ‘usu
357 1973 459 2025 essent
470 1960 507 2046 3),
534 1964 677 2038 cuiusque
700 1964 937 2025 constitutiones
952 1965 1100 2040 Vegetius
1117 1967 1200 2026 iuter

136 2085 205 2130 suos
233 2069 351 2129 referat
381 2066 529 2151 fontes4).
555 2105 599 2114 —
622 2071 707 2131 Addo
732 2072 863 2131 alterum
886 2079 1104 2146 argumentum.
1152 2073 1200 2131 Ab

134 2177 320 2251 imperatore
335 2175 481 2236 bellicoso
506 2175 590 2236 facta
614 2195 680 2238 esee
697 2178 754 2238 illa
769 2179 898 2239 mutatio
915 2196 974 2239 non
990 2185 1103 2254 potest,
1129 2197 1199 2254 quo·
1263 2180 1266 2185 '

136 2444 260 2514 404101]
280 2443 352 2513 [LIX
371 2447 445 2511 (ibid.
465 2465 490 2514 p.
509 2447 641 2514 1510011.
678 2447 822 2499 Praeterea
838 2464 888 2501 nec
905 2451 1133 2512 praetorianorum
1151 2463 1201 2500 nec

136 2535 340 2601 legionariorum
357 2538 474 2600 equitum
491 2537 625 2588 invenitur
644 2536 752 2588 decurio
771 2535 841 2588 ullus
857 2537 918 2589 inde
928 2537 961 2588 ab
971 2537 1119 2599 Hadriana
1139 2550 1202 2589 nam

137 2624 166 2677 O.
184 2629 205 2679 1.
223 2625 255 2676 L.
272 2624 308 2691 11,
329 2625 394 2676 1681
417 2625 524 2677 decurio
551 2627 667 2691 equitum
685 2624 899 2692 legionariorum,
918 2630 940 2678 si
966 2625 1042 2677 modo
1063 2626 1123 2691 fuit,
1139 2633 1201 2677 ante

138 2713 279 2765 Claudium
296 2713 401 2764 videtur
420 2715 507 2765 fuisse.
546 2715 591 2778 (cf.
611 2713 735 2764 Huebner
759 2715 793 2764 ad
821 2714 850 2766 O.
870 2716 889 2764 l.
910 2714 942 2766 L.
961 2716 996 2774 11,
1023 2716 1113 2779 2916).
1152 2715 1201 2766 00-

137 2809 248 2855 comunt
275 2816 339 2853 vero
376 2805 494 2869 optiones
521 2804 640 2868 equitum
667 2805 893 2869 praetorianorum
925 2804 965 2868 (O.
984 2805 1006 2855 1.
1027 2804 1056 2854 L.
1086 2805 1201 2863 Vi,100

138 2893 226 2958 ‘optio
249 2892 475 2956 equ.coh.V1111‚
494 2891 569 2962 pr.)
581 2893 649 2957 Iuii’,
669 2910 694 2944 a.
716 2893 765 2944 157
782 2909 809 2959 p.
824 2893 853 2944 G.
863 2896 916 2958 n.);
935 2898 980 2960 qui
999 2897 1110 2947 fortasse
1127 2909 1202 2960 prse-

136 2979 210 3031 iuere
228 2982 361 3046 equitibus
377 2981 542 3047 singularum
560 2986 746 3035 cent-uriarum.

229 3065 249 3135 ¹)
267 3068 371 3120 Titulus
398 3070 497 3136 aliquot
523 3075 599 3123 annis
625 3078 685 3138 post
702 3090 726 3123 a.
747 3077 798 3125 120
817 3075 922 3126 videtur
938 3077 1038 3141 positus
1060 3091 1124 3139 esse,
1143 3089 1203 3126 cum

138 3156 286 3224 complures
304 3157 399 3210 milites
425 3161 479 3210 iam
497 3160 656 3226 principales
682 3162 747 3215 facti
776 3166 837 3217 sint.
874 3166 908 3215 cf.
928 3164 956 3215 O.
977 3165 998 3215 1.
1017 3164 1047 3214 L.
1067 3164 1112 3223 Vl,
1132 3163 1202 3214 2379

137 3260 161 3298 a.
179 3246 198 3296 b
215 3244 308 3297 titulus
323 3245 402 3313 plane
421 3249 521 3314 similis,
540 3251 567 3297 in
585 3264 637 3315 quo
655 3249 760 3316 plurimi
778 3253 937 3319 principales
963 3254 1103 3320 perscripti
1132 3255 1201 3310 sunt,

136 3336 205 3387 inter
223 3351 289 3401 quos
307 3339 418 3397 evocati,
439 3340 565 3404 optiones,
585 3339 703 3404 signiferi
723 3339 757 3390 al.
786 3342 908 3393 Fortasse
926 3346 1004 3393 etiam
1023 3344 1122 3406 equites
1140 3357 1202 3406 quo·

138 3423 274 3474 dammodo
301 3425 330 3474 in
347 3424 530 3492 principalium
559 3441 667 3479 numero
686 3427 852 3479 habebuntur
870 3429 915 3492 (cf.
936 3430 965 3480 (1.
984 3430 1005 3480 1.
1025 3430 1056 3482 L.
1073 3429 1118 3495 VI,
1133 3429 1200 3479 2977

138 3511 236 3565 ‘lectus
256 3513 284 3563 in
301 3517 435 3580 praetoria
453 3531 532 3580 eques
549 3517 605 3567 sive
622 3515 771 3568 tabularius
790 3533 850 3568 ann.
869 3519 921 3582 V’),
942 3524 968 3568 et
985 3519 1072 3569 nescio
1088 3533 1124 3568 an
1141 3516 1202 3567 iude

138 3601 289 3669 explicetur,
317 3603 387 3668 quod
414 3606 442 3654 in
461 3603 611 3671 diplomatis
629 3605 723 3657 milites
741 3612 843 3658 tantum
868 3613 1065 3674 nuncupantur.
1102 3607 1156 3657 Cur
1174 3608 1202 3656 in

138 3693 289 3745 cohortibus
306 3695 429 3758 equitatis
446 3709 489 3745 res
507 3707 561 3746 non
577 3697 696 3761 potuerit
707 3711 764 3747 esse
782 3697 875 3748 eadam
893 3696 936 3747 vei
953 3711 1048 3748 nomeu
1067 3697 1152 3748 docet.

227 3779 247 3848 ¹)
267 3782 354 3850 Spart.
374 3782 457 3836 Hudr.
477 3784 519 3850 10,
531 3785 556 3833 3.
577 3783 610 3837 ci.
630 3785 705 3835 Eum.
726 3785 751 3843 8,
773 3786 798 3836 7.
818 3786 876 3837 Art.
898 3791 961 3838 tuot.
979 3788 1022 3835 44.

228 3868 249 3935 ⁸)
268 3872 321 3923 Dio
338 3872 434 3937 LXIX,
454 3875 478 3934 9,
498 3875 523 3922 4.
543 3873 579 3926 ef.
596 3873 685 3925 Aurei.
705 3875 774 3927 11101.
794 3878 854 3942 epit.
875 3878 917 3935 14,
937 3880 980 3927 ll.

228 3958 254 4026 ⁴)
276 3962 303 4020 1,
323 3963 352 4024 83
372 3979 531 4030 quamquam
550 3966 579 4013 in
592 3962 678 4015 altero
694 3963 761 4015 libro
781 3964 815 4031 (0.
836 3963 868 4032 3)
887 3965 933 4016 ubi
946 3968 1041 4016 iterum
1054 3980 1119 4031 quos
1133 3981 1202 4015 com·

138 4049 264 4118 pilaverit
291 4057 413 4105 auctores
437 4058 558 4106 recenset
591 4068 676 4119 neque
699 4053 811 4121 Augusti
837 4070 923 4125 nsque
947 4054 1078 4106 Hadriani
1107 4056 1203 4107 comti-

139 4141 252 4194 tutiones
271 4139 367 4195 adfert.
