2686 5212
105 1007 159 1105 Ut
173 1043 299 1120 vegetii
313 1042 402 1104 fldem
417 1042 620 1106 examinarem
634 1043 782 1106 adduetus
798 1058 863 1105 sum
877 1042 936 1104 bae
951 1041 1128 1118 quaestione

65 1152 103 1211 ab
126 1150 312 1228 amplissime
341 1149 588 1227 philosopherum
616 1150 722 1214 ordine
744 1149 898 1213 Bonnensi
928 1165 1006 1211 anno
1044 1146 1127 1211 1876

64 1260 224 1337 proposita
255 1264 439 1336 ‘quaeratur
473 1258 520 1320 rei
540 1258 686 1322 militaris
709 1258 790 1336 apud
812 1259 962 1320 Romanor
986 1274 1006 1319 a
1028 1256 1128 1333 Septi·

63 1368 123 1429 mio
145 1367 258 1431 Severo
281 1367 320 1428 ad
343 1366 542 1428 Stiliebonem
564 1367 615 1444 qul
651 1372 753 1429 status
777 1367 874 1429 inerit
911 1370 1044 1441 atquae
1065 1379 1126 1426 mu·

63 1475 144 1536 tatio
167 1475 376 1549 indioeturque
391 1473 517 1549 Vagatli
538 1473 633 1535 fides)
658 1473 732 1535 dnm
754 1489 830 1551 quae
850 1490 887 1535 ea
902 1471 939 1533 de
954 1489 989 1533 re
1012 1488 1127 1548 eompa-

63 1598 184 1645 sueram
198 1583 272 1644 ordo
294 1582 425 1656 benigne
447 1587 574 1657 aeeepta
593 1581 728 1657 praemio
745 1581 889 1658 dignatus
913 1579 966 1656 sit,
984 1597 1127 1642 tommen-

65 1690 196 1751 tationis
219 1695 338 1766 partem
361 1689 466 1763 paneis
490 1693 609 1749 anetam
631 1687 682 1747 hie
705 1704 850 1764 propono.

152 1907 235 1978 Quae
257 1907 289 1966 in
312 1906 383 1967 aliis
406 1906 581 1981 plerumque
603 1905 805 1980 seripturibus
835 1906 960 1981 eognitu
982 1905 1074 1967 utilia
1097 1911 1129 1965 et

62 2014 237 2074 necessaria
259 2019 340 2088 sunt,
356 2018 392 2073 nt
406 2013 541 2072 homines
565 2013 616 2086 qui
638 2013 755 2072 inerint
771 2013 910 2089 sciamus,
928 2030 985 2087 quo
1005 2013 1128 2087 ingenio

62 2121 207 2198 praediti,
225 2138 283 2196 qua
306 2119 446 2180 doetrina
468 2119 586 2195 imbuti,
604 2135 662 2192 qua
685 2120 807 2181 ratione
822 2137 916 2195 opera
931 2121 1127 2196 eonieoerint,

62 2229 136 2305 alia,
160 2247 197 2289 ea
220 2228 389 2304 disquirere
412 2226 445 2286 in
465 2224 596 2300 Vegetio
619 2241 740 2299 possum
771 2227 889 2300 quidem
919 2227 1127 2304 supersedere,

64 2337 135 2412 quia
158 2337 196 2397 ad
219 2354 320 2396 rernm
343 2333 534 2396 iudicandam
556 2333 724 2394 fidemnon
746 2334 879 2396 interest
902 2353 938 2397 ea
960 2336 1043 2398 seiri.
1069 2335 1128 2397 Sed

62 2452 165 2506 tamen
188 2447 224 2506 de
247 2444 372 2520 Vegetii
401 2442 522 2518 ingenio
554 2448 586 2505 et
621 2443 774 2503 scribendi
807 2445 928 2506 ratione
958 2446 1030 2521 quid
1052 2445 1128 2505 mibi

63 2553 304 2614 existumandun
319 2552 463 2613 videatur
477 2549 566 2611 breui
581 2548 675 2610 lieeat
690 2567 896 2625 praemonere.
920 2551 1029 2612 Fuisse
1052 2550 1127 2612 mihi

60 2660 182 2722 videtur
213 2677 274 2720 non
303 2657 463 2719 medioeris
491 2656 660 2732 fatuitatis,
685 2657 737 2733 qni
767 2674 843 2732 qnae
877 2657 1028 2720 scriberet
1057 2658 1126 2734 ipse

60 2782 167 2842 parum
189 2767 387 2841 intellegeret
408 2781 464 2827 neo
486 2780 543 2839 par
566 2770 649 2824 esset
684 2765 858 2841 digerendis
892 2767 982 2827 rebus
1005 2766 1038 2826 in
1060 2781 1126 2827 enm

61 2891 149 2949 quem
172 2875 232 2936 sibi
253 2880 455 2951 proposuerat
484 2873 629 2957 ordinem.
674 2872 711 2934 Id
744 2890 810 2935 eum
832 2879 940 2949 postea
960 2872 1126 2934 identidem

61 2998 283 3058 regnassemus,
306 2987 371 3042 tum
392 2980 442 3041 hie
463 2979 554 3055 primi
575 2979 650 3040 libri
673 2980 730 3041 duo
750 2980 879 3042 doeeant
900 2979 970 3041 leel.
1007 2979 1080 3057 cap.
1104 2982 1125 3042 4

60 3095 256 3163 praematura
278 3095 382 3151 aetate
403 3088 548 3163 legendos
571 3104 637 3147 esse
660 3087 778 3149 tirones
801 3089 991 3165 argumentis
1012 3090 1125 3163 prebat

62 3198 169 3261 stultis
191 3205 225 3259 et
256 3197 421 3274 peruersis.
452 3194 526 3270 Gap.
551 3194 681 3257 dl—at
705 3196 743 3256 de
764 3202 935 3259 eastrornm
957 3196 1124 3258 munitione

61 3313 186 3369 aeturus
208 3325 245 3368 ex
267 3307 357 3383 primi
371 3306 445 3366 libri
468 3310 645 3380 argumente
662 3305 710 3366 ita
724 3306 853 3367 debebat
868 3323 933 3367 rem
947 3306 1123 3383 instituere,

60 3421 94 3476 ut
111 3415 183 3490 quid
198 3415 291 3475 militi
304 3413 449 3490 gregario
464 3448 508 3458 —
524 3413 555 3472 id
571 3413 649 3473 enim
665 3413 727 3475 tiro
752 3414 852 3475 diseat
873 3432 995 3476 neeesse
1019 3421 1067 3475 est
1079 3450 1123 3459 —

59 3523 229 3583 faeiendnm
246 3529 328 3584 esset
343 3522 545 3582 adumbraret.
571 3520 663 3581 Cuius
680 3521 727 3583 rei
749 3539 809 3583 nen
826 3523 952 3598 ignarus
976 3524 1009 3584 in
1032 3522 1122 3593 initio

10 3700 25 3715 ,.
61 3634 248 3690 ‘castrorum
261 3629 473 3690 munitionem’
490 3626 590 3703 inquit
613 3629 718 3689 ‘debet
730 3628 792 3691 tiro
806 3631 1000 3692 eondisoere’.
1023 3630 1118 3701 Quae·

10 3746 26 3789 ἑ
60 3754 279 3814 numquamne
303 3739 405 3799 adfert
429 3739 468 3798 ad
491 3738 705 3814 imperatorem
732 3738 822 3800 dnees
837 3746 1002 3800 metatores
1018 3740 1120 3815 potins

10 3852 37 3932 'j
59 3862 149 3922 quam
181 3847 220 3907 ad
257 3846 387 3907 tironem
420 3845 586 3921 pertinent.
634 3845 749 3905 Tamen
787 3847 835 3906 rei
864 3863 898 3906 se
932 3845 1121 3908 satisfeeisse

30 3959 147 4017 mins
169 3953 202 4015 in
224 3955 283 4015 fine
302 3953 360 4015 ‘ad
381 3954 460 4014 hune
483 3969 557 4028 ergo
576 3953 677 4013 usnm’
701 3953 801 4030 inquit
825 3954 1048 4016 ‘instituendus
1073 3962 1120 4016 est

10 4070 17 4149 ζ
58 4062 132 4140 tiro,
156 4069 192 4124 ut
220 4080 286 4125 eum
315 4062 483 4124 necessitas
517 4060 724 4137 postulaverit
745 4062 812 4122 sina
833 4060 1064 4139 perturbatlene
1088 4067 1120 4122 et

57 4169 204 4232 solariter
227 4177 259 4232 et
293 4176 381 4235 eante
412 4175 518 4234 eastra
540 4167 639 4245 possit
661 4166 797 4242 munlre’.
844 4167 994 4232 Nimirum
1016 4172 1119 4231 aneto·
