2686 5212
656 217 694 276 17

142 397 271 471 primunr
294 398 345 456 ‘in
366 398 431 457 acie
455 396 602 457 seeunda’
633 396 782 456 insertum
805 411 872 454 esse
895 395 1022 470 putabat
1045 397 1084 456 ab
1107 394 1202 455 inter-

142 505 291 581 polatore,
327 505 379 580 'qui
405 496 591 564 meminisset
624 504 784 578 selegens
813 519 831 561 a
854 501 984 575 Vegetio
1007 502 1149 563 hastatos
1171 499 1230 562 in*

141 612 272 672 secunda
305 613 370 673 acie
405 613 487 688 poni.
542 612 635 684 Quasi
669 629 753 688 vero,
789 627 854 671 oum
885 609 959 669 alibi
996 610 1144 670 hastatos
1172 609 1205 669 in

142 719 273 789 'secunda
305 719 370 780 acie
403 720 541 780 conlocet
573 718 717 794 scriptor,
741 717 822 806 idem
850 733 910 777 non
940 715 1077 791 potuerit
1099 720 1205 776 nostro

141 842 258 901 quoqne
288 827 358 888 ¹loco
391 826 426 886 in
460 826 563 887 eadem
596 827 663 886 acie
690 842 802 899 ponere
824 826 991 888 hastatum.
1037 823 1131 883 Etsi
1154 821 1206 882 ‘in

138 933 208 994 acie
223 933 368 994 secunda’
386 932 521 1009 spurium
533 950 600 996 esse
612 932 857 1009 concesserimus,
869 932 972 993 nescio
982 949 1024 992 an
1032 929 1204 992 necessario

141 1040 235 1100 etiam
258 1037 307 1125 ‘in
330 1041 429 1116 prima
451 1040 534 1102 aeie’
557 1040 637 1101 falso
660 1041 808 1102 insertum
830 1057 897 1100 esse
920 1040 1085 1103 iudicaturi
1101 1040 1203 1102 simus.

142 1146 171 1207 N
173 1162 222 1207 am
237 1147 269 1207 id
285 1164 400 1222 qnoque
417 1147 664 1225 additamentum,
690 1163 867 1222 quamquam
881 1165 941 1209 non
960 1148 1079 1225 falsum,
1104 1152 1206 1209 tamen

140 1255 231 1329 plane
248 1270 504 1330 supervacaneum
524 1261 573 1315 011
588 1260 621 1314 01
635 1255 803 1330 molestum,
828 1271 893 1316 cum
907 1255 1035 1330 primam
1050 1255 1206 1318 cohortem

140 1364 311 1438 semper-in
333 1363 432 1439 prima
454 1365 520 1425 acie
544 1363 711 1424 consistere
736 1363 851 1424 dixerit
873 1364 1032 1439 vegetius.

208 1470 284 1529 Tum
295 1471 402 1546 Lange
423 1471 455 1531 111
467 1470 601 1530 editione
614 1486 673 1544 qua
684 1471 829 1530 utebatur
841 1471 965 1546 legebat
980 1471 1138 1546 ‘princeps
1151 1490 1159 1535 ².
1173 1519 1181 1536 .
1196 1517 1202 1532 .

139 1576 256 1651 primae
279 1578 431 1638 cohortis¹
457 1579 567 1638 omisso
589 1578 645 1638 1110
669 1579 861 1640 (1001111111
909 1579 975 1651 Qua
997 1580 1206 1654 descriptura

141 1687 246 1759 paucis
269 1685 394 1746 videtur
417 1685 633 1746 disserendum.
670 1686 855 1747 ‘Secundus’
878 1688 967 1748 unius
985 1687 1096 1749 codicis
1112 1688 1204 1748 Pala-

142 1793 204 1854 tini
236 1794 426 1854 auctoritate
448 1793 572 1870 nititur,
604 1795 777 1869 areliquis
800 1796 896 1859 abest.
942 1795 1106 1856 Palatinus
1129 1812 1203 1857 vero

139 1914 202 1958 non
225 1906 290 1959 tam
313 1901 404 1974 parvi
427 1901 583 1960 faciendus
600 1907 647 1960 est
664 1919 752 1976 qnam
764 1903 976 1962 arbitrabatur
991 1904 1081 1977 Lang
1093 1902 1204 1979 editor,

141 2010 248 2079 utpote
284 2005 335 2080 qui
369 2023 429 2066 non
459 2024 531 2067 raro
563 2008 645 2067 solus
680 2008 854 2070 servaverit
880 2009 1041 2083 scriptoris
1075 2022 1202 2068 manum.

141 2112 257 2173 Nostro
292 2115 358 2174 loco
384 2114 458 2174 fides
489 2115 518 2174 ei
541 2116 664 2176 additur
686 2116 765 2191 inde,
800 2116 879 2190 qnod
907 2116 1003 2175 multo
1027 2115 1148 2190 saepius
1171 2114 1202 2174 in

135 2233 175 2279 ‘eo
208 2223 334 2281 verbum
368 2222 531 2298 omittitur,
564 2240 653 2298 quam
677 2224 755 2298 quod
777 2229 902 2298 praeter
925 2223 1057 2298 reliquos
1082 2222 1205 2282 additur·

139 2330 288 2390 -vitiis
312 2330 391 2389 enim
407 2331 576 2405 eisdemque
596 2343 646 2392 sat
669 2332 815 2406 gravibus
839 2349 877 2392 ne
900 2331 1062 2392 Palatinus
1086 2331 1204 2405 quidem

140 2443 237 2497 earet.
284 2436 454 2499 Praeterea
483 2439 579 2499 ceteri
607 2441 724 2501 codices
748 2441 800 2514 qui
823 2440 951 2500 alicuius
975 2446 1047 2499 111111
1070 2440 1202 2499 auetori-

138 2545 217 2604 tatis
241 2544 292 2628 (A,
317 2545 362 2628 Μ)
388 2547 533 2607 hocloco
558 2555 665 2621 aperte
687 2549 824 2608 mutilati
843 2554 924 2623 sunt,
959 2548 991 2607 in
1015 2549 1121 2622 quibus
1143 2564 1203 2606 non

138 2651 263 2725 legatur
296 2670 392 2727 neque
432 2654 582 2714 ‘homines
624 2658 753 2730 regebat
787 2657 915 2716 triarius
950 2656 1036 2732 prior
1071 2654 1199 2715 centnm’

138 2764 235 2834 neque
263 2761 417 2820 ‘cohortis
440 2762 556 2835 primae
578 2780 597 2822 a
621 2764 750 2838 quinque
774 2764 940 2825 ordinariis
953 2765 970 2824 ’.
1018 2763 1081 2825 Nee
1104 2764 1203 2837 liquet

138 2869 212 2928 mihi
230 2868 296 2943 quis
310 2869 447 2942 potuerit
463 2869 573 2929 addere
593 2870 703 2930 falsum
714 2870 792 2931 illud
816 2873 981 2932 ‘secundus
991 2871 1010 2947 ¹,
1025 2878 1133 2931 contra
1149 2886 1202 2931 cur

139 2975 280 3034 omissum
303 2975 346 3033 sit
369 2993 388 3034 a
410 2976 503 3035 sciolo
528 2975 629 3049 aliquo
652 2976 781 3037 librario
805 2976 896 3037 facile
920 2984 969 3037 est
992 2977 1069 3038 visu.
1126 2976 1202 3036 Mihi

138 3083 237 3157 igitur
261 3083 440 3142 ‘secundus’
464 3084 625 3157 genuinum
641 3100 708 3143 0110
723 3084 855 3144 videtur.
880 3084 922 3143 Et
935 3085 1073 3158 profecto
1092 3085 1201 3144 omisso

138 3191 193 3251 illo
206 3192 298 3250 verbo
317 3206 372 3251 nec
384 3191 450 3251 loco
467 3192 532 3250 ulla
547 3198 686 3266 exparte
699 3192 849 3252 medemur
866 3198 899 3251 01
909 3209 1007 3253 novae
1023 3191 1203 3252 oboriuntur

138 3298 347 3374 difficultatem
368 3314 443 3373 quas
464 3303 499 3358 nt
522 3300 714 3358 submoveret
734 3299 835 3359 frusta
854 3298 1010 3359 laboravit
1030 3299 1146 3374 Lange.

230 3405 364 3466 Primum
397 3408 554 3467 hastatum
586 3411 618 3466 01
653 3407 820 3481 principem
853 3407 935 3468 locos
969 3413 1103 3467 mutasse
1131 3406 1202 3467 inde

138 3514 264 3588 probari
277 3514 332 3588 ait,
358 3515 435 3588 quod
458 3531 523 3574 cum
538 3513 687 3588 Vegetius
711 3514 794 3575 dicat
809 3515 999 3590 primipilum
1012 3534 1049 3576 ex
1064 3515 1202 3591 principe

136 3620 318 3696 promoveri,
342 3621 490 3696 principis
506 3622 643 3697 dignltas
658 3623 760 3682 maior
777 3638 844 3683 esse
860 3625 969 3684 debeat
984 3641 1072 3699 quam
1082 3623 1202 3683 hastati
1276 3638 1279 3643 ·

132 3729 237 3804 primi.
284 3728 339 3788 Oui
368 3737 546 3805 argumento
581 3733 712 3792 alterum
748 3733 824 3792 addo
852 3734 888 3793 de
910 3751 985 3794 meo.
1034 3731 1200 3793 Secundum

136 3836 298 3912 Vegetium
322 3839 367 3899 ’011
396 3836 563 3915 principem
593 3840 710 3914 primae
739 3840 875 3899 cohortis
909 3840 941 3900 in
964 3840 1085 3915 legione
1104 3856 1201 3914 prope

136 3945 237 4005 omnia
271 3962 347 4021 quae
378 3947 547 4008 ordinanda
577 3955 649 4008 sunt
682 3947 847 4023 pertinent.
894 3947 990 4022 Atqui
1024 3948 1052 4008 11
1086 3948 1201 4022 primns

131 4052 279 4112 hastatus
313 4053 499 4128 superiorem
530 4054 668 4129 principe
699 4054 857 4115 obtinebat
891 4055 1028 4131 gradum,
1062 4054 1100 4115 ad
1134 4071 1200 4115 eum

135 4160 238 4234 potius
261 4163 416 4237 pertinere
438 4162 495 4224 illa
518 4165 690 4239 oportebat,
715 4180 774 4224 non
798 4164 837 4226 ad
859 4164 1028 4241 principem
1042 4165 1200 4227 inferioris

1045 4273 1065 4331 1
