2686 5212
649 216 805 276 13.

134 389 288 476 ferunt1);
306 400 338 454 et
354 388 420 469 ipse
436 393 584 468 vegetius
613 393 634 452 J
636 392 813 454 orianorum
838 398 929 466 atque
945 392 1196 453 Herculianorum

132 501 269 576 legiones
293 519 366 563 sena
381 502 466 562 milia
488 502 619 562 militum
633 501 779 563 habuisse
796 502 904 562 tradit.
958 502 1081 562 Duobus
1096 506 1198 562 tamen

132 608 317 670 testimoniis
341 626 417 685 quae
439 610 583 670 ridentur
606 609 778 669 certissima
801 626 868 670 esse
893 624 1034 669 numerus
1062 608 1116 669 ille
1138 625 1198 669 non

133 719 337 777 confirmatur.
384 716 536 790 Legiones
559 717 638 776 enim
660 733 697 775 ex
721 716 828 791 quibus
863 715 994 776 Severus
1015 714 1195 775 Alexander

132 824 419 899 phalangemsuem
441 824 609 899 composuit
632 824 754 897 quinum
769 823 885 883 milium
910 829 1000 883 erant
1015 821 1195 903 militumb,

134 937 166 992 et
189 931 306 1008 Hygini
328 933 465 1008 legiones
490 933 527 992 ad
544 932 636 1007 quina
651 932 737 992 milia
752 932 881 992 ducenos
898 936 1062 1006 octogenos
1081 931 1197 990 milites

135 1046 359 1115 computentur.
407 1040 465 1100 Sed
480 1040 524 1100 'hi
544 1041 713 1116 scriptores
737 1040 837 1115 qualis
860 1039 956 1100 fuerit
980 1045 1052 1100 tunc
1075 1056 1126 1099 res
1149 1039 1198 1099 de-

133 1155 315 1225 monstrant,
340 1166 405 1209 cum
420 1150 569 1225 Vegetius
586 1149 728 1210 ostendat
745 1150 844 1224 qualis
861 1166 927 1209 esse
944 1149 1063 1209 debeat.
1087 1147 1198 1209 Potest
1310 1222 1313 1227 Ι

133 1257 232 1332 igitur
254 1272 398 1316 summam
419 1274 483 1317 rem
505 1262 590 1317 recte
621 1257 756 1332 tradere,
791 1273 969 1332 quamquam
992 1255 1109 1331 aliquid
1132 1255 1198 1316 ficti

133 1363 216 1425 inest
241 1364 384 1440 numeris,
418 1365 454 1424 de
478 1382 535 1439 quo
558 1364 641 1424 inira
664 1363 820 1424 dicendum
843 1364 915 1429 erit.
961 1364 1041 1424 Item
1064 1363 1150 1438 quod·
1164 1363 1197 1423 in

135 1472 195 1532 fine
226 1471 337 1547 eapitis
369 1472 479 1532 scribit
508 1470 652 1531 maiorem
682 1488 749 1531 esse
786 1471 939 1531 interdum
969 1487 1132 1545 numerum,
1171 1470 1199 1529 si

134 1596 194 1639 non
210 1583 330 1639 tentum
344 1596 435 1640 unam
457 1580 620 1656 cohortem,
646 1567 808 1639 sedetiam
834 1580 913 1640 alias
939 1579 1090 1640 miliarias
1116 1577 1198 1653 legio

136 1686 233 1746 luerit
266 1687 351 1748 iussa
382 1689 545 1764 suscipere,
577 1692 681 1763 potest
713 1705 819 1749 verum
859 1705 934 1749 esse.
981 1687 1090 1747 Fuisse
1121 1685 1200 1746 enim
1272 1662 1277 1675 ’

136 1794 280 1855 videntur
311 1797 343 1856 in
371 1797 492 1872 legione
516 1797 658 1857 Thebeea
682 1795 758 1855 duae
782 1797 923 1856 cohortes
947 1796 1109 1870 miliarlae,
1134 1811 1199 1854 cum

136 1919 190 1962 sex
213 1902 299 1962 milia
323 1911 482 1965 sexcentos
503 1904 618 1963 milites
640 1903 783 1962 habuerit
796 1899 832 1986 3).
880 1903 933 1964 Sui
956 1920 1029 1963 vero
1051 1901 1198 1975 temporis

136 2026 223 2069 usum
236 2011 351 2071 inridet
367 2012 510 2088 scriptor,
528 2011 667 2087 quoniam
683 2018 748 2071 tum
760 2012 914 2086 legionum
925 2013 1018 2072 robur
1034 2011 1199 2070 infractum
1238 2006 1241 2011 '

137 2115 254 2200 erat4).

225 2225 318 2286 Misso
342 2227 374 2286 in
398 2233 515 2302 tempus
539 2229 675 2303 capite7
700 2233 891 2287 transeamus
915 2243 993 2286 nunc
1009 2226 1048 2286 ed
1063 2226 1199 2303 caput8,

136 2332 188 2391 ubi
211 2333 247 2392 de
271 2335 419 2395 centuriis
442 2341 474 2394 et
497 2334 724 2395 centurionibus
747 2335 863 2408 primae
887 2333 1022 2395 cohortis
1047 2341 1079 2394 et
1101 2335 1199 2395 totius

135 2441 266 2515 legionis
289 2445 385 2504 verba
408 2445 504 2518 liunt3
529 2461 586 2519 quo
609 2461 648 2503 ex
672 2443 772 2518 capite
795 2442 943 2517 ‘quamvis
959 2448 1122 2516 praeterea
1139 2459 1199 2503 non

136 2565 195 2609 uno
229 2551 348 2611 nomine
379 2552 522 2612 obscuro¹
537 2548 564 2633 5)
596 2566 686 2611 unum
717 2566 773 2624 pro
808 2556 893 2610 certo
920 2549 1112 2624 collegerunt
1135 2550 1199 2610 viri

138 2656 229 2739 docti,
262 2657 389 2732 primam
421 2659 552 2734 legionis
584 2660 739 2719 cohortem
761 2658 890 2719 diuisum
920 2658 1017 2717 fuisse
1040 2658 1073 2717 in
1097 2657 1198 2717 decem

137 2766 302 2844 centurias,
326 2767 461 2842 reliquas
484 2767 516 2827 in
540 2768 663 2843 quinas,
688 2785 775 2843 quam
790 2766 988 2827 mutationem
1003 2767 1117 2827 factam
1133 2783 1200 2827 esse

137 2872 240 2932 dicunt
257 2883 392 2949 tempore
409 2874 534 2949 Hygino
562 2876 710 2950 sequiore.
751 2874 810 2935 Sed
826 2873 852 2934 si
869 2874 988 2950 Hygini
1005 2875 1083 2951 quod
1098 2875 1200 2935 fertur

138 2978 342 3053 fragmentum
375 2980 461 3041 intra
484 2998 578 3042 annos
602 2982 667 3042 284
691 2988 722 3041 et
746 2982 809 3042 312
834 2981 982 3056 scriptum
1009 2990 1066 3058 est,
1090 2984 1198 3057 probe-

136 3085 198 3145 bile
228 3103 289 3147 non
319 3093 367 3148 est
389 3090 542 3163 posterius
564 3095 682 3164 tempus
705 3089 877 3164 respexisse
900 3089 1071 3164 Vegetium.
1119 3089 1196 3151 Nam

137 3198 296 3267 postquem
330 3193 420 3256 initio
455 3196 567 3272 capitis
604 3197 728 3271 septimi
762 3197 918 3273 antiquam
953 3198 1084 3273 legionis
1118 3198 1198 3259 ordi·

137 3300 290 3360 nationem
321 3301 399 3362 dixit
431 3320 463 3363 se
497 3304 681 3379 exposuisse,
718 3303 765 3363 eui
800 3304 847 3363 sui
876 3306 1021 3379 temporis
1058 3305 1200 3381 opposuit

137 3422 231 3484 usum,
267 3407 373 3482 primis
401 3411 503 3470 nostri
533 3410 645 3485 capitis
666 3411 770 3473 verbis
794 3411 830 3470 de
852 3416 959 3472 vetere
983 3412 1199 3472 consuetudine

228 3568 248 3634 ¹)
268 3572 340 3624 Suid.
368 3588 388 3623 s.
407 3589 432 3622 v.
458 3566 567 3640 λεγεών
592 3573 619 3623 11
646 3590 672 3639 p.
701 3573 751 3622 519
782 3572 877 3623 Bernh.
904 3572 977 3623 Serv.
1008 3573 1041 3623 ad
1068 3574 1146 3638 Verg.
1166 3573 1197 3622 Δ.

138 3659 197 3724 VII,
219 3660 279 3730 rm,
308 3667 352 3729 qui
380 3669 469 3715 minen
495 3651 587 3715 eodem
612 3667 734 3727 tempore
759 3666 891 3714 trecentos
918 3665 1018 3728 equites
1042 3665 1069 3712 in
1094 3663 1199 3730 legione

138 3755 387 3807 innocentulam.
408 3758 474 3819 orig.
493 3753 540 3813 lx,
561 3748 585 3813 B,
605 3754 649 3802 lo.

226 3841 371 3911 ¹)11ampr.
391 3842 431 3896 Al
453 3843 513 3894 Ser.
535 3844 577 3901 bo,
597 3843 623 3892 b.

227 3932 251 3995 ⁸)
271 3936 383 3987 Ruinart
402 3939 453 3986 aet.
472 3937 547 3985 mart.
566 3933 700 3995 (Veronae
719 3925 798 3997 1⁷31)
817 3946 843 3997 p.
861 3930 915 3979 -241
935 3927 979 3980 fin.

225 4022 247 4091 ⁴)
266 4025 333 4091 Veg.
351 4025 386 4090 11,
414 4025 439 4075 8.
465 4023 499 4076 ci.
518 4022 597 4074 Kuhn
630 4022 656 4072 d.
681 4020 759 4072 stiidt
787 4035 813 4072 u.
839 4017 954 4084 bdrgenl.
983 4018 1055 4072 Veri.
1084 4020 1108 4070 d.
1132 4021 1197 4071 rdm.

136 4103 231 4165 Reicies
249 4113 305 4181 lp.
327 4113 386 4167 140.
405 4111 561 4178 Marquardt
577 4127 603 4177 p.
624 4107 684 4160 588.

224 4199 247 4269 ⁸)
265 4202 410 4256 Mommsen
427 4203 455 4251 in
474 4199 503 4252 G.
523 4201 544 4252 1.
565 4199 595 4251 L.
614 4197 663 4263 111,
683 4197 735 4252 88⁰
753 4197 817 4248 nol..
