<?xml version="1.0" encoding="UTF-8"?>
<!DOCTYPE html PUBLIC "-//W3C//DTD XHTML 1.0 Transitional//EN"
    "http://www.w3.org/TR/xhtml1/DTD/xhtml1-transitional.dtd">
<html xmlns="http://www.w3.org/1999/xhtml" xml:lang="en" lang="en">
 <head>
  <title>
</title>
<meta http-equiv="Content-Type" content="text/html;charset=utf-8" />
  <meta name='ocr-system' content='tesseract 3.04.00' />
  <meta name='ocr-capabilities' content='ocr_page ocr_carea ocr_par ocr_line ocrx_word'/>
</head>
<body>
  <div class='ocr_page' id='page_1' title='image "./defideflaviiveg00foergoog_0023.png"; bbox 0 0 2686 5212; ppageno 0'>
   <div class='ocr_carea' id='block_1_1' title="bbox 656 176 695 235">
    <p class='ocr_par' dir='ltr' id='par_1_1' title="bbox 656 176 695 235">
     <span class='ocr_line' id='line_1_1' title="bbox 656 176 695 235; baseline 0 0"><span class='ocrx_word' id='word_1_1' title='bbox 656 176 695 235; x_wconf 75' lang='lat'><strong>15</strong></span> 
     </span>
    </p>
   </div>
   <div class='ocr_carea' id='block_1_2' title="bbox 139 352 1218 755">
    <p class='ocr_par' dir='ltr' id='par_1_2' title="bbox 139 352 1218 755">
     <span class='ocr_line' id='line_1_2' title="bbox 142 352 1201 431; baseline 0.001 -17"><span class='ocrx_word' id='word_1_2' title='bbox 142 356 279 430; x_wconf 86' lang='lat' dir='ltr'><strong>singulas</strong></span> <span class='ocrx_word' id='word_1_3' title='bbox 313 362 425 431; x_wconf 89' lang='lat' dir='ltr'><strong>regunt</strong></span> <span class='ocrx_word' id='word_1_4' title='bbox 456 357 620 419; x_wconf 86' lang='lat' dir='ltr'><strong>centuriae.</strong></span> <span class='ocrx_word' id='word_1_5' title='bbox 672 355 814 428; x_wconf 90' lang='lat' dir='ltr'><strong>Imperiis</strong></span> <span class='ocrx_word' id='word_1_6' title='bbox 845 355 943 429; x_wconf 78' lang='lat' dir='ltr'><strong>igitur</strong></span> <span class='ocrx_word' id='word_1_7' title='bbox 979 352 1201 415; x_wconf 79' lang='lat' dir='ltr'><strong>ordinariorum</strong></span> 
     </span>
     <span class='ocr_line' id='line_1_3' title="bbox 140 459 1218 547; baseline 0 -27"><span class='ocrx_word' id='word_1_8' title='bbox 140 462 299 535; x_wconf 89' lang='lat' dir='ltr'><strong>paruerint</strong></span> <span class='ocrx_word' id='word_1_9' title='bbox 321 479 448 522; x_wconf 87' lang='lat' dir='ltr'><strong>neeesse·</strong></span> <span class='ocrx_word' id='word_1_10' title='bbox 466 469 524 524; x_wconf 85' lang='lat' dir='ltr'><strong>est.</strong></span> <span class='ocrx_word' id='word_1_11' title='bbox 571 460 628 521; x_wconf 83' lang='lat' dir='ltr'><strong>Sed</strong></span> <span class='ocrx_word' id='word_1_12' title='bbox 650 461 771 520; x_wconf 89' lang='lat' dir='ltr'><strong>minime</strong></span> <span class='ocrx_word' id='word_1_13' title='bbox 793 460 936 521; x_wconf 85' lang='lat' dir='ltr'><strong>convenit</strong></span> <span class='ocrx_word' id='word_1_14' title='bbox 958 459 1218 547; x_wconf 21' lang='lat' dir='ltr'><strong>centenariorum·</strong></span> 
     </span>
     <span class='ocr_line' id='line_1_4' title="bbox 140 552 1199 643; baseline 0 -17"><span class='ocrx_word' id='word_1_15' title='bbox 140 584 279 628; x_wconf 88' lang='lat' dir='ltr'><strong>numerus</strong></span> <span class='ocrx_word' id='word_1_16' title='bbox 313 568 353 629; x_wconf 79' lang='lat' dir='ltr'><strong>ab</strong></span> <span class='ocrx_word' id='word_1_17' title='bbox 378 552 533 628; x_wconf 86' lang='lat' dir='ltr'><strong>centurias</strong></span> <span class='ocrx_word' id='word_1_18' title='bbox 555 567 787 628; x_wconf 81' lang='lat' dir='ltr'><strong>ordinariorum.</strong></span> <span class='ocrx_word' id='word_1_19' title='bbox 835 568 970 628; x_wconf 89' lang='lat' dir='ltr'><strong>Primum</strong></span> <span class='ocrx_word' id='word_1_20' title='bbox 991 568 1086 642; x_wconf 92' lang='lat' dir='ltr'><strong>pilum</strong></span> <span class='ocrx_word' id='word_1_21' title='bbox 1111 566 1199 643; x_wconf 89' lang='lat' dir='ltr'><strong>euim,</strong></span> 
     </span>
     <span class='ocr_line' id='line_1_5' title="bbox 139 666 1200 755; baseline 0.001 -22"><span class='ocrx_word' id='word_1_22' title='bbox 139 674 191 748; x_wconf 90' lang='lat' dir='ltr'><strong>qui</strong></span> <span class='ocrx_word' id='word_1_23' title='bbox 213 680 358 749; x_wconf 89' lang='lat' dir='ltr'><strong>quattuor</strong></span> <span class='ocrx_word' id='word_1_24' title='bbox 380 666 570 750; x_wconf 84' lang='lat' dir='ltr'><strong>gubernabat</strong></span> <span class='ocrx_word' id='word_1_25' title='bbox 594 674 759 755; x_wconf 85' lang='lat' dir='ltr'><strong>centurias,</strong></span> <span class='ocrx_word' id='word_1_26' title='bbox 784 681 929 750; x_wconf 89' lang='lat' dir='ltr'><strong>quattuor</strong></span> <span class='ocrx_word' id='word_1_27' title='bbox 951 691 1093 750; x_wconf 87' lang='lat' dir='ltr'><strong>praeesse</strong></span> <span class='ocrx_word' id='word_1_28' title='bbox 1114 692 1200 750; x_wconf 89' lang='lat' dir='ltr'><strong>opor-</strong></span> 
     </span>
    </p>
   </div>
   <div class='ocr_carea' id='block_1_3' title="bbox 132 780 1250 4210">
    <p class='ocr_par' dir='ltr' id='par_1_3' title="bbox 138 780 1250 1188">
     <span class='ocr_line' id='line_1_6' title="bbox 139 780 1201 858; baseline 0 -18"><span class='ocrx_word' id='word_1_29' title='bbox 139 782 226 840; x_wconf 85' lang='lat' dir='ltr'><strong>tebat</strong></span> <span class='ocrx_word' id='word_1_30' title='bbox 257 781 451 857; x_wconf 76' lang='lat' dir='ltr'><strong>centenariis,</strong></span> <span class='ocrx_word' id='word_1_31' title='bbox 477 781 604 856; x_wconf 91' lang='lat' dir='ltr'><strong>primum</strong></span> <span class='ocrx_word' id='word_1_32' title='bbox 635 782 790 841; x_wconf 85' lang='lat' dir='ltr'><strong>hastatum</strong></span> <span class='ocrx_word' id='word_1_33' title='bbox 814 782 936 858; x_wconf 83' lang='lat' dir='ltr'><strong>duobus,</strong></span> <span class='ocrx_word' id='word_1_34' title='bbox 967 788 1003 842; x_wconf 91' lang='lat' dir='ltr'><strong>ut</strong></span> <span class='ocrx_word' id='word_1_35' title='bbox 1025 788 1143 842; x_wconf 86' lang='lat' dir='ltr'><strong>taceam</strong></span> <span class='ocrx_word' id='word_1_36' title='bbox 1165 780 1201 841; x_wconf 80' lang='lat' dir='ltr'><strong>(le</strong></span> 
     </span>
     <span class='ocr_line' id='line_1_7' title="bbox 138 887 1250 969; baseline 0.001 -22"><span class='ocrx_word' id='word_1_37' title='bbox 138 887 274 963; x_wconf 89' lang='lat' dir='ltr'><strong>reliquis.</strong></span> <span class='ocrx_word' id='word_1_38' title='bbox 322 889 399 948; x_wconf 83' lang='lat' dir='ltr'><strong>Tum</strong></span> <span class='ocrx_word' id='word_1_39' title='bbox 425 905 498 949; x_wconf 86' lang='lat' dir='ltr'><strong>vero</strong></span> <span class='ocrx_word' id='word_1_40' title='bbox 522 905 575 949; x_wconf 87' lang='lat' dir='ltr'><strong>sex</strong></span> <span class='ocrx_word' id='word_1_41' title='bbox 599 888 774 950; x_wconf 84' lang='lat' dir='ltr'><strong>efficiuntur</strong></span> <span class='ocrx_word' id='word_1_42' title='bbox 798 889 976 951; x_wconf 79' lang='lat' dir='ltr'><strong>centenarii.</strong></span> <span class='ocrx_word' id='word_1_43' title='bbox 1012 890 1201 964; x_wconf 78' lang='lat' dir='ltr'><strong>Quocumque</strong></span> <span class='ocrx_word' id='word_1_44' title='bbox 1247 964 1250 969; x_wconf 19' lang='lat'><strong>¹</strong></span> 
     </span>
     <span class='ocr_line' id='line_1_8' title="bbox 138 996 1199 1075; baseline 0.001 -18"><span class='ocrx_word' id='word_1_45' title='bbox 138 997 223 1058; x_wconf 83' lang='lat' dir='ltr'><strong>modo</strong></span> <span class='ocrx_word' id='word_1_46' title='bbox 252 996 436 1057; x_wconf 78' lang='lat' dir='ltr'><strong>distribuere</strong></span> <span class='ocrx_word' id='word_1_47' title='bbox 470 997 661 1058; x_wconf 87' lang='lat' dir='ltr'><strong>centenarios</strong></span> <span class='ocrx_word' id='word_1_48' title='bbox 681 1004 807 1058; x_wconf 88' lang='lat' dir='ltr'><strong>conatus</strong></span> <span class='ocrx_word' id='word_1_49' title='bbox 831 999 893 1060; x_wconf 90' lang='lat' dir='ltr'><strong>eris</strong></span> <span class='ocrx_word' id='word_1_50' title='bbox 934 1014 1084 1075; x_wconf 89' lang='lat' dir='ltr'><strong>nunquam</strong></span> <span class='ocrx_word' id='word_1_51' title='bbox 1117 997 1199 1059; x_wconf 88' lang='lat' dir='ltr'><strong>ratio</strong></span> 
     </span>
     <span class='ocr_line' id='line_1_9' title="bbox 139 1105 878 1188; baseline -0.003 -22"><span class='ocrx_word' id='word_1_52' title='bbox 139 1105 302 1166; x_wconf 86' lang='lat' dir='ltr'><strong>constabit.</strong></span> <span class='ocrx_word' id='word_1_53' title='bbox 796 1179 799 1185; x_wconf 19' lang='grc' dir='ltr'>ι</span> <span class='ocrx_word' id='word_1_54' title='bbox 874 1180 878 1188; x_wconf 38' lang='grc'><strong>,</strong></span> 
     </span>
    </p>

    <p class='ocr_par' dir='ltr' id='par_1_4' title="bbox 135 1198 1201 2245">
     <span class='ocr_line' id='line_1_10' title="bbox 226 1198 1198 1292; baseline -0.004 -17"><span class='ocrx_word' id='word_1_55' title='bbox 226 1198 324 1276; x_wconf 81' lang='lat' dir='ltr'><strong>Porro</strong></span> <span class='ocrx_word' id='word_1_56' title='bbox 343 1215 479 1276; x_wconf 90' lang='lat' dir='ltr'><strong>centurio</strong></span> <span class='ocrx_word' id='word_1_57' title='bbox 500 1214 591 1290; x_wconf 89' lang='lat' dir='ltr'><strong>primi</strong></span> <span class='ocrx_word' id='word_1_58' title='bbox 603 1215 660 1291; x_wconf 89' lang='lat' dir='ltr'><strong>pili</strong></span> <span class='ocrx_word' id='word_1_59' title='bbox 671 1220 869 1292; x_wconf 84' lang='lat' dir='ltr'><strong>promovetur</strong></span> <span class='ocrx_word' id='word_1_60' title='bbox 881 1231 923 1275; x_wconf 87' lang='lat' dir='ltr'><strong>ex·</strong></span> <span class='ocrx_word' id='word_1_61' title='bbox 934 1213 1030 1289; x_wconf 89' lang='lat' dir='ltr'><strong>primo</strong></span> <span class='ocrx_word' id='word_1_62' title='bbox 1050 1210 1198 1288; x_wconf 88' lang='lat' dir='ltr'><strong>principe.</strong></span> 
     </span>
     <span class='ocr_line' id='line_1_11' title="bbox 139 1319 1201 1399; baseline -0.003 -18"><span class='ocrx_word' id='word_1_63' title='bbox 139 1320 231 1395; x_wconf 75' lang='lat' dir='ltr'><strong>Quem</strong></span> <span class='ocrx_word' id='word_1_64' title='bbox 251 1323 418 1399; x_wconf 88' lang='lat' dir='ltr'><strong>principem</strong></span> <span class='ocrx_word' id='word_1_65' title='bbox 440 1324 584 1384; x_wconf 88' lang='lat' dir='ltr'><strong>maiorem</strong></span> <span class='ocrx_word' id='word_1_66' title='bbox 606 1340 695 1398; x_wconf 90' lang='lat' dir='ltr'><strong>quam</strong></span> <span class='ocrx_word' id='word_1_67' title='bbox 716 1323 845 1398; x_wconf 91' lang='lat' dir='ltr'><strong>primum</strong></span> <span class='ocrx_word' id='word_1_68' title='bbox 860 1323 1016 1382; x_wconf 88' lang='lat' dir='ltr'><strong>hastatum</strong></span> <span class='ocrx_word' id='word_1_69' title='bbox 1031 1319 1201 1383; x_wconf 77' lang='lat' dir='ltr'><strong>obtinuisse</strong></span> 
     </span>
     <span class='ocr_line' id='line_1_12' title="bbox 138 1429 1199 1506; baseline -0.002 -18"><span class='ocrx_word' id='word_1_70' title='bbox 138 1429 263 1502; x_wconf 85' lang='lat' dir='ltr'><strong>gradum</strong></span> <span class='ocrx_word' id='word_1_71' title='bbox 294 1430 488 1491; x_wconf 85' lang='lat' dir='ltr'><strong>manifestum</strong></span> <span class='ocrx_word' id='word_1_72' title='bbox 521 1437 579 1506; x_wconf 86' lang='lat' dir='ltr'><strong>eet,</strong></span> <span class='ocrx_word' id='word_1_73' title='bbox 614 1431 749 1505; x_wconf 86' lang='lat' dir='ltr'><strong>alioquin</strong></span> <span class='ocrx_word' id='word_1_74' title='bbox 781 1447 817 1490; x_wconf 88' lang='lat' dir='ltr'><strong>ex</strong></span> <span class='ocrx_word' id='word_1_75' title='bbox 848 1429 945 1503; x_wconf 90' lang='lat' dir='ltr'><strong>primo</strong></span> <span class='ocrx_word' id='word_1_76' title='bbox 975 1430 1099 1488; x_wconf 86' lang='lat' dir='ltr'><strong>hastato</strong></span> <span class='ocrx_word' id='word_1_77' title='bbox 1130 1444 1199 1502; x_wconf 91' lang='lat' dir='ltr'><strong>pro·</strong></span> 
     </span>
     <span class='ocr_line' id='line_1_13' title="bbox 136 1536 1200 1615; baseline -0.002 -19"><span class='ocrx_word' id='word_1_78' title='bbox 136 1544 234 1598; x_wconf 86' lang='lat' dir='ltr'><strong>motus</strong></span> <span class='ocrx_word' id='word_1_79' title='bbox 264 1545 346 1600; x_wconf 91' lang='lat' dir='ltr'><strong>esset</strong></span> <span class='ocrx_word' id='word_1_80' title='bbox 376 1539 557 1614; x_wconf 88' lang='lat' dir='ltr'><strong>primipilus.</strong></span> <span class='ocrx_word' id='word_1_81' title='bbox 611 1540 745 1615; x_wconf 75' lang='lat' dir='ltr'><strong>Eundem</strong></span> <span class='ocrx_word' id='word_1_82' title='bbox 772 1556 895 1599; x_wconf 88' lang='lat' dir='ltr'><strong>necesse</strong></span> <span class='ocrx_word' id='word_1_83' title='bbox 927 1543 974 1598; x_wconf 87' lang='lat' dir='ltr'><strong>est</strong></span> <span class='ocrx_word' id='word_1_84' title='bbox 1014 1536 1200 1597; x_wconf 85' lang='lat' dir='ltr'><strong>ordinarium</strong></span> 
     </span>
     <span class='ocr_line' id='line_1_14' title="bbox 135 1644 1195 1722; baseline 0 -18"><span class='ocrx_word' id='word_1_85' title='bbox 135 1645 240 1710; x_wconf 83' lang='lat' dir='ltr'><strong>fuisse.</strong></span> <span class='ocrx_word' id='word_1_86' title='bbox 285 1647 395 1722; x_wconf 88' lang='lat' dir='ltr'><strong>ltaque</strong></span> <span class='ocrx_word' id='word_1_87' title='bbox 417 1648 534 1708; x_wconf 82' lang='lat' dir='ltr'><strong>rexisse</strong></span> <span class='ocrx_word' id='word_1_88' title='bbox 559 1665 624 1708; x_wconf 90' lang='lat' dir='ltr'><strong>enm</strong></span> <span class='ocrx_word' id='word_1_89' title='bbox 646 1647 761 1706; x_wconf 81' lang='lat' dir='ltr'><strong>milites</strong></span> <span class='ocrx_word' id='word_1_90' title='bbox 785 1646 913 1721; x_wconf 89' lang='lat' dir='ltr'><strong>aliquot,</strong></span> <span class='ocrx_word' id='word_1_91' title='bbox 938 1645 1036 1705; x_wconf 82' lang='lat' dir='ltr'><strong>minue</strong></span> <span class='ocrx_word' id='word_1_92' title='bbox 1053 1644 1195 1720; x_wconf 84' lang='lat' dir='ltr'><strong>quadrin-</strong></span> 
     </span>
     <span class='ocr_line' id='line_1_15' title="bbox 137 1754 1199 1839; baseline 0 -25"><span class='ocrx_word' id='word_1_93' title='bbox 137 1761 246 1828; x_wconf 85' lang='lat' dir='ltr'><strong>gentos</strong></span> <span class='ocrx_word' id='word_1_94' title='bbox 277 1756 345 1830; x_wconf 88' lang='lat' dir='ltr'><strong>plus</strong></span> <span class='ocrx_word' id='word_1_95' title='bbox 369 1758 523 1833; x_wconf 83' lang='lat' dir='ltr'><strong>ducentos,</strong></span> <span class='ocrx_word' id='word_1_96' title='bbox 556 1756 728 1818; x_wconf 88' lang='lat' dir='ltr'><strong>necessario</strong></span> <span class='ocrx_word' id='word_1_97' title='bbox 760 1756 992 1839; x_wconf 84' lang='lat' dir='ltr'><strong>concludendum</strong></span> <span class='ocrx_word' id='word_1_98' title='bbox 1017 1761 1075 1816; x_wconf 91' lang='lat' dir='ltr'><strong>est.</strong></span> <span class='ocrx_word' id='word_1_99' title='bbox 1121 1754 1199 1815; x_wconf 81' lang='lat' dir='ltr'><strong>Eum</strong></span> 
     </span>
     <span class='ocr_line' id='line_1_16' title="bbox 138 1862 1199 1941; baseline 0 -19"><span class='ocrx_word' id='word_1_100' title='bbox 138 1868 239 1924; x_wconf 87' lang='lat' dir='ltr'><strong>tamen</strong></span> <span class='ocrx_word' id='word_1_101' title='bbox 261 1865 388 1939; x_wconf 87' lang='lat' dir='ltr'><strong>primum</strong></span> <span class='ocrx_word' id='word_1_102' title='bbox 411 1864 578 1941; x_wconf 88' lang='lat' dir='ltr'><strong>principem</strong></span> <span class='ocrx_word' id='word_1_103' title='bbox 602 1865 721 1924; x_wconf 80' lang='lat' dir='ltr'><strong>frustra</strong></span> <span class='ocrx_word' id='word_1_104' title='bbox 745 1863 961 1937; x_wconf 82' lang='lat' dir='ltr'><strong>circumspicis.</strong></span> <span class='ocrx_word' id='word_1_105' title='bbox 1009 1862 1125 1923; x_wconf 78' lang='lat' dir='ltr'><strong>Contra</strong></span> <span class='ocrx_word' id='word_1_106' title='bbox 1147 1863 1199 1937; x_wconf 91' lang='lat' dir='ltr'><strong>qui</strong></span> 
     </span>
     <span class='ocr_line' id='line_1_17' title="bbox 137 1969 1198 2051; baseline 0.001 -22"><span class='ocrx_word' id='word_1_107' title='bbox 137 1978 384 2032; x_wconf 87' lang='lat' dir='ltr'><strong>commemoratur</strong></span> <span class='ocrx_word' id='word_1_108' title='bbox 408 1971 566 2046; x_wconf 78' lang='lat' dir='ltr'><strong>‘princeps</strong></span> <span class='ocrx_word' id='word_1_109' title='bbox 579 1971 726 2051; x_wconf 74' lang='lat' dir='ltr'><strong>secundus</strong></span> <span class='ocrx_word' id='word_1_110' title='bbox 738 1971 853 2045; x_wconf 87' lang='lat' dir='ltr'><strong>primae</strong></span> <span class='ocrx_word' id='word_1_111' title='bbox 870 1970 1006 2031; x_wconf 88' lang='lat' dir='ltr'><strong>cohortis</strong></span> <span class='ocrx_word' id='word_1_112' title='bbox 1020 1971 1026 1997; x_wconf 92' lang='lat'>&#39;</span> <span class='ocrx_word' id='word_1_113' title='bbox 1050 1969 1077 2029; x_wconf 94' lang='lat' dir='ltr'><strong>is</strong></span> <span class='ocrx_word' id='word_1_114' title='bbox 1096 1969 1198 2030; x_wconf 89' lang='lat' dir='ltr'><strong>nullus</strong></span> 
     </span>
     <span class='ocr_line' id='line_1_18' title="bbox 138 2076 1198 2152; baseline 0.001 -17"><span class='ocrx_word' id='word_1_115' title='bbox 138 2083 199 2150; x_wconf 85' lang='lat' dir='ltr'><strong>est;</strong></span> <span class='ocrx_word' id='word_1_116' title='bbox 226 2079 380 2152; x_wconf 88' lang='lat' dir='ltr'><strong>‘princeps</strong></span> <span class='ocrx_word' id='word_1_117' title='bbox 403 2078 572 2151; x_wconf 87' lang='lat' dir='ltr'><strong>posterior&#39;</strong></span> <span class='ocrx_word' id='word_1_118' title='bbox 604 2078 803 2152; x_wconf 83' lang='lat' dir='ltr'><strong>adpellendus</strong></span> <span class='ocrx_word' id='word_1_119' title='bbox 829 2084 906 2137; x_wconf 87' lang='lat' dir='ltr'><strong>erat.</strong></span> <span class='ocrx_word' id='word_1_120' title='bbox 953 2076 1038 2137; x_wconf 82' lang='lat' dir='ltr'><strong>Idem</strong></span> <span class='ocrx_word' id='word_1_121' title='bbox 1060 2076 1143 2138; x_wconf 84' lang='lat' dir='ltr'><strong>eadit</strong></span> <span class='ocrx_word' id='word_1_122' title='bbox 1165 2076 1198 2136; x_wconf 87' lang='lat' dir='ltr'><strong>in</strong></span> 
     </span>
     <span class='ocr_line' id='line_1_19' title="bbox 136 2183 481 2245; baseline 0.009 -4"><span class='ocrx_word' id='word_1_123' title='bbox 136 2183 293 2243; x_wconf 86' lang='lat' dir='ltr'><strong>hastatum</strong></span> <span class='ocrx_word' id='word_1_124' title='bbox 315 2185 481 2245; x_wconf 88' lang='lat' dir='ltr'><strong>secundnm.</strong></span> 
     </span>
    </p>

    <p class='ocr_par' dir='ltr' id='par_1_5' title="bbox 136 2288 1196 2676">
     <span class='ocr_line' id='line_1_20' title="bbox 229 2288 1196 2368; baseline -0.005 -16"><span class='ocrx_word' id='word_1_125' title='bbox 229 2291 307 2353; x_wconf 82' lang='lat' dir='ltr'><strong>Miro</strong></span> <span class='ocrx_word' id='word_1_126' title='bbox 335 2294 420 2353; x_wconf 87' lang='lat' dir='ltr'><strong>modo</strong></span> <span class='ocrx_word' id='word_1_127' title='bbox 449 2311 480 2356; x_wconf 88' lang='lat' dir='ltr'><strong>v.</strong></span> <span class='ocrx_word' id='word_1_128' title='bbox 504 2292 544 2354; x_wconf 80' lang='lat'><strong>12</strong></span> <span class='ocrx_word' id='word_1_129' title='bbox 570 2293 676 2353; x_wconf 84' lang='lat' dir='ltr'><strong>‘item’</strong></span> <span class='ocrx_word' id='word_1_130' title='bbox 706 2291 862 2368; x_wconf 85' lang='lat' dir='ltr'><strong>particula</strong></span> <span class='ocrx_word' id='word_1_131' title='bbox 883 2288 1022 2350; x_wconf 83' lang='lat' dir='ltr'><strong>adhibi-ta</strong></span> <span class='ocrx_word' id='word_1_132' title='bbox 1049 2293 1108 2362; x_wconf 85' lang='lat' dir='ltr'><strong>est,</strong></span> <span class='ocrx_word' id='word_1_133' title='bbox 1127 2303 1196 2347; x_wconf 88' lang='lat' dir='ltr'><strong>nam</strong></span> 
     </span>
     <span class='ocr_line' id='line_1_21' title="bbox 138 2380 1195 2474; baseline -0.004 -17"><span class='ocrx_word' id='word_1_134' title='bbox 138 2414 175 2457; x_wconf 91' lang='lat' dir='ltr'><strong>ue</strong></span> <span class='ocrx_word' id='word_1_135' title='bbox 197 2398 341 2460; x_wconf 83' lang='lat' dir='ltr'><strong>eiusmodi</strong></span> <span class='ocrx_word' id='word_1_136' title='bbox 366 2380 484 2473; x_wconf 81' lang='lat' dir='ltr'><strong>quidem</strong></span> <span class='ocrx_word' id='word_1_137' title='bbox 499 2418 549 2461; x_wconf 91' lang='lat' dir='ltr'><strong>res</strong></span> <span class='ocrx_word' id='word_1_138' title='bbox 575 2400 648 2461; x_wconf 85' lang='lat' dir='ltr'><strong>duco</strong></span> <span class='ocrx_word' id='word_1_139' title='bbox 673 2397 974 2474; x_wconf 86' lang='lat' dir='ltr'><strong>praetermittendas.</strong></span> <span class='ocrx_word' id='word_1_140' title='bbox 1007 2395 1110 2455; x_wconf 87' lang='lat' dir='ltr'><strong>Primo</strong></span> <span class='ocrx_word' id='word_1_141' title='bbox 1132 2395 1195 2468; x_wconf 93' lang='lat' dir='ltr'><strong>pilo</strong></span> 
     </span>
     <span class='ocr_line' id='line_1_22' title="bbox 138 2501 1196 2583; baseline -0.002 -21"><span class='ocrx_word' id='word_1_142' title='bbox 138 2505 216 2564; x_wconf 89' lang='lat' dir='ltr'><strong>enim</strong></span> <span class='ocrx_word' id='word_1_143' title='bbox 239 2514 271 2567; x_wconf 89' lang='lat' dir='ltr'><strong>et</strong></span> <span class='ocrx_word' id='word_1_144' title='bbox 293 2510 389 2583; x_wconf 89' lang='lat' dir='ltr'><strong>primo</strong></span> <span class='ocrx_word' id='word_1_145' title='bbox 410 2511 535 2569; x_wconf 85' lang='lat' dir='ltr'><strong>hastato</strong></span> <span class='ocrx_word' id='word_1_146' title='bbox 559 2509 637 2568; x_wconf 89' lang='lat' dir='ltr'><strong>nihil</strong></span> <span class='ocrx_word' id='word_1_147' title='bbox 659 2525 810 2569; x_wconf 90' lang='lat' dir='ltr'><strong>commune</strong></span> <span class='ocrx_word' id='word_1_148' title='bbox 833 2512 881 2565; x_wconf 88' lang='lat' dir='ltr'><strong>est</strong></span> <span class='ocrx_word' id='word_1_149' title='bbox 902 2503 963 2564; x_wconf 89' lang='lat' dir='ltr'><strong>nisi</strong></span> <span class='ocrx_word' id='word_1_150' title='bbox 979 2501 1196 2576; x_wconf 86' lang='lat' dir='ltr'><strong>quoduterqua</strong></span> 
     </span>
     <span class='ocr_line' id='line_1_23' title="bbox 136 2615 405 2676; baseline 0.019 -5"><span class='ocrx_word' id='word_1_151' title='bbox 136 2615 290 2675; x_wconf 83' lang='lat' dir='ltr'><strong>centurias</strong></span> <span class='ocrx_word' id='word_1_152' title='bbox 314 2616 405 2676; x_wconf 88' lang='lat' dir='ltr'><strong>ducit.</strong></span> 
     </span>
    </p>

    <p class='ocr_par' dir='ltr' id='par_1_6' title="bbox 133 2717 1195 3659">
     <span class='ocr_line' id='line_1_24' title="bbox 223 2717 1195 2799; baseline -0.006 -18"><span class='ocrx_word' id='word_1_153' title='bbox 223 2723 339 2784; x_wconf 83' lang='lat' dir='ltr'><strong>Deinde</strong></span> <span class='ocrx_word' id='word_1_154' title='bbox 363 2724 565 2799; x_wconf 86' lang='lat' dir='ltr'><strong>gravissimae</strong></span> <span class='ocrx_word' id='word_1_155' title='bbox 598 2729 645 2782; x_wconf 86' lang='lat' dir='ltr'><strong>est</strong></span> <span class='ocrx_word' id='word_1_156' title='bbox 667 2720 836 2795; x_wconf 85' lang='lat' dir='ltr'><strong>offensioni,</strong></span> <span class='ocrx_word' id='word_1_157' title='bbox 872 2718 950 2794; x_wconf 86' lang='lat' dir='ltr'><strong>quod</strong></span> <span class='ocrx_word' id='word_1_158' title='bbox 973 2717 1113 2778; x_wconf 87' lang='lat' dir='ltr'><strong>centuria</strong></span> <span class='ocrx_word' id='word_1_159' title='bbox 1134 2732 1195 2776; x_wconf 91' lang='lat' dir='ltr'><strong>una</strong></span> 
     </span>
     <span class='ocr_line' id='line_1_25' title="bbox 136 2825 1194 2907; baseline -0.004 -19"><span class='ocrx_word' id='word_1_160' title='bbox 136 2829 293 2907; x_wconf 85' lang='lat' dir='ltr'><strong>dividitur,</strong></span> <span class='ocrx_word' id='word_1_161' title='bbox 318 2848 383 2892; x_wconf 92' lang='lat' dir='ltr'><strong>cum</strong></span> <span class='ocrx_word' id='word_1_162' title='bbox 406 2832 520 2892; x_wconf 86' lang='lat' dir='ltr'><strong>duobus</strong></span> <span class='ocrx_word' id='word_1_163' title='bbox 542 2829 707 2891; x_wconf 86' lang='lat' dir='ltr'><strong>ordinariis</strong></span> <span class='ocrx_word' id='word_1_164' title='bbox 723 2829 863 2903; x_wconf 83' lang='lat' dir='ltr'><strong>singulae</strong></span> <span class='ocrx_word' id='word_1_165' title='bbox 878 2827 1035 2887; x_wconf 88' lang='lat' dir='ltr'><strong>centuriae</strong></span> <span class='ocrx_word' id='word_1_166' title='bbox 1055 2825 1194 2886; x_wconf 85' lang='lat' dir='ltr'><strong>semisses</strong></span> 
     </span>
     <span class='ocr_line' id='line_1_26' title="bbox 134 2934 1194 3013; baseline -0.002 -18"><span class='ocrx_word' id='word_1_167' title='bbox 134 2937 320 2999; x_wconf 90' lang='lat' dir='ltr'><strong>tribuuntur.</strong></span> <span class='ocrx_word' id='word_1_168' title='bbox 376 2939 448 3000; x_wconf 82' lang='lat' dir='ltr'><strong>(lum</strong></span> <span class='ocrx_word' id='word_1_169' title='bbox 483 2939 562 3000; x_wconf 90' lang='lat' dir='ltr'><strong>enim</strong></span> <span class='ocrx_word' id='word_1_170' title='bbox 595 2939 734 3013; x_wconf 83' lang='lat' dir='ltr'><strong>singulae</strong></span> <span class='ocrx_word' id='word_1_171' title='bbox 765 2936 922 2997; x_wconf 83' lang='lat' dir='ltr'><strong>centuriae</strong></span> <span class='ocrx_word' id='word_1_172' title='bbox 956 2934 1078 3010; x_wconf 87' lang='lat' dir='ltr'><strong>singula</strong></span> <span class='ocrx_word' id='word_1_173' title='bbox 1106 2934 1194 3009; x_wconf 87' lang='lat' dir='ltr'><strong>quasi</strong></span> 
     </span>
     <span class='ocr_line' id='line_1_27' title="bbox 135 3020 1193 3123; baseline -0.003 -21"><span class='ocrx_word' id='word_1_174' title='bbox 135 3060 263 3120; x_wconf 91' lang='lat' dir='ltr'><strong>corpora</strong></span> <span class='ocrx_word' id='word_1_175' title='bbox 286 3046 453 3123; x_wconf 85' lang='lat' dir='ltr'><strong>efficerent,</strong></span> <span class='ocrx_word' id='word_1_176' title='bbox 491 3046 597 3121; x_wconf 89' lang='lat' dir='ltr'><strong>quibus</strong></span> <span class='ocrx_word' id='word_1_177' title='bbox 621 3062 705 3105; x_wconf 84' lang='lat' dir='ltr'><strong>auum</strong></span> <span class='ocrx_word' id='word_1_178' title='bbox 728 3044 835 3119; x_wconf 91' lang='lat' dir='ltr'><strong>cuique</strong></span> <span class='ocrx_word' id='word_1_179' title='bbox 858 3020 1004 3105; x_wconf 67' lang='lat' dir='ltr'><strong>vesillum</strong></span> <span class='ocrx_word' id='word_1_180' title='bbox 1026 3048 1110 3102; x_wconf 87' lang='lat' dir='ltr'><strong>esset</strong></span> <span class='ocrx_word' id='word_1_181' title='bbox 1125 3057 1193 3101; x_wconf 91' lang='lat' dir='ltr'><strong>con·</strong></span> 
     </span>
     <span class='ocr_line' id='line_1_28' title="bbox 134 3148 1193 3238; baseline -0.001 -29"><span class='ocrx_word' id='word_1_182' title='bbox 134 3151 278 3213; x_wconf 87' lang='lat' dir='ltr'><strong>stitutum</strong></span> <span class='ocrx_word' id='word_1_183' title='bbox 299 3153 357 3238; x_wconf 90' lang='lat'>(11,</span> <span class='ocrx_word' id='word_1_184' title='bbox 377 3154 442 3238; x_wconf 84' lang='lat'>13),</span> <span class='ocrx_word' id='word_1_185' title='bbox 465 3155 610 3214; x_wconf 90' lang='lat' dir='ltr'><strong>abhorret</strong></span> <span class='ocrx_word' id='word_1_186' title='bbox 632 3170 651 3212; x_wconf 89' lang='lat' dir='ltr'><strong>a</strong></span> <span class='ocrx_word' id='word_1_187' title='bbox 674 3151 893 3226; x_wconf 87' lang='lat' dir='ltr'><strong>probabilitate</strong></span> <span class='ocrx_word' id='word_1_188' title='bbox 915 3167 1005 3211; x_wconf 87' lang='lat' dir='ltr'><strong>unam</strong></span> <span class='ocrx_word' id='word_1_189' title='bbox 1025 3148 1193 3210; x_wconf 88' lang='lat' dir='ltr'><strong>centuriam</strong></span> 
     </span>
     <span class='ocr_line' id='line_1_29' title="bbox 134 3257 1194 3335; baseline -0.001 -18"><span class='ocrx_word' id='word_1_190' title='bbox 134 3260 166 3318; x_wconf 92' lang='lat' dir='ltr'><strong>in</strong></span> <span class='ocrx_word' id='word_1_191' title='bbox 204 3261 277 3322; x_wconf 87' lang='lat' dir='ltr'><strong>duae</strong></span> <span class='ocrx_word' id='word_1_192' title='bbox 313 3263 444 3324; x_wconf 85' lang='lat' dir='ltr'><strong>divisam</strong></span> <span class='ocrx_word' id='word_1_193' title='bbox 474 3262 569 3322; x_wconf 82' lang='lat' dir='ltr'><strong>inisse</strong></span> <span class='ocrx_word' id='word_1_194' title='bbox 603 3266 719 3335; x_wconf 85' lang='lat' dir='ltr'><strong>partes,</strong></span> <span class='ocrx_word' id='word_1_195' title='bbox 755 3275 880 3334; x_wconf 88' lang='lat' dir='ltr'><strong>quarum</strong></span> <span class='ocrx_word' id='word_1_196' title='bbox 902 3258 1004 3318; x_wconf 88' lang='lat' dir='ltr'><strong>altera</strong></span> <span class='ocrx_word' id='word_1_197' title='bbox 1026 3257 1194 3333; x_wconf 90' lang='lat' dir='ltr'><strong>principem</strong></span> 
     </span>
     <span class='ocr_line' id='line_1_30' title="bbox 134 3363 1192 3447; baseline -0.003 -21"><span class='ocrx_word' id='word_1_198' title='bbox 134 3369 304 3447; x_wconf 88' lang='lat' dir='ltr'><strong>seeundum,</strong></span> <span class='ocrx_word' id='word_1_199' title='bbox 337 3371 438 3431; x_wconf 89' lang='lat' dir='ltr'><strong>altera</strong></span> <span class='ocrx_word' id='word_1_200' title='bbox 479 3367 639 3429; x_wconf 85' lang='lat' dir='ltr'><strong>secundum</strong></span> <span class='ocrx_word' id='word_1_201' title='bbox 671 3367 828 3426; x_wconf 86' lang='lat' dir='ltr'><strong>hastatum</strong></span> <span class='ocrx_word' id='word_1_202' title='bbox 868 3371 1056 3441; x_wconf 86' lang='lat' dir='ltr'><strong>sequeretur.</strong></span> <span class='ocrx_word' id='word_1_203' title='bbox 1106 3363 1192 3424; x_wconf 87' lang='lat' dir='ltr'><strong>Unde</strong></span> 
     </span>
     <span class='ocr_line' id='line_1_31' title="bbox 133 3470 1190 3553; baseline -0.003 -19"><span class='ocrx_word' id='word_1_204' title='bbox 133 3474 254 3538; x_wconf 85' lang='lat' dir='ltr'><strong>tandem</strong></span> <span class='ocrx_word' id='word_1_205' title='bbox 289 3479 402 3539; x_wconf 85' lang='lat' dir='ltr'><strong>duabus</strong></span> <span class='ocrx_word' id='word_1_206' title='bbox 431 3477 480 3539; x_wconf 87' lang='lat' dir='ltr'><strong>his</strong></span> <span class='ocrx_word' id='word_1_207' title='bbox 514 3476 654 3553; x_wconf 87' lang='lat' dir='ltr'><strong>partibus</strong></span> <span class='ocrx_word' id='word_1_208' title='bbox 689 3476 845 3535; x_wconf 88' lang='lat' dir='ltr'><strong>centuriae</strong></span> <span class='ocrx_word' id='word_1_209' title='bbox 880 3491 987 3537; x_wconf 90' lang='lat' dir='ltr'><strong>nomeu</strong></span> <span class='ocrx_word' id='word_1_210' title='bbox 1020 3470 1190 3535; x_wconf 81' lang='lat' dir='ltr'><strong>veniebat?</strong></span> 
     </span>
     <span class='ocr_line' id='line_1_32' title="bbox 133 3587 661 3659; baseline 0 -14"><span class='ocrx_word' id='word_1_211' title='bbox 133 3588 249 3659; x_wconf 85' lang='lat' dir='ltr'><strong>quando</strong></span> <span class='ocrx_word' id='word_1_212' title='bbox 274 3590 447 3650; x_wconf 86' lang='lat' dir='ltr'><strong>efficiebant</strong></span> <span class='ocrx_word' id='word_1_213' title='bbox 470 3587 661 3648; x_wconf 80' lang='lat' dir='ltr'><strong>centuriam?</strong></span> 
     </span>
    </p>

    <p class='ocr_par' dir='ltr' id='par_1_7' title="bbox 132 3689 1190 4210">
     <span class='ocr_line' id='line_1_33' title="bbox 221 3689 1190 3781; baseline -0.007 -27"><span class='ocrx_word' id='word_1_214' title='bbox 221 3695 284 3756; x_wconf 89' lang='lat' dir='ltr'><strong>Nec</strong></span> <span class='ocrx_word' id='word_1_215' title='bbox 320 3697 413 3781; x_wconf 80' lang='lat' dir='ltr'><strong>satis</strong></span> <span class='ocrx_word' id='word_1_216' title='bbox 431 3694 577 3769; x_wconf 80' lang='lat' dir='ltr'><strong>intellego</strong></span> <span class='ocrx_word' id='word_1_217' title='bbox 613 3694 691 3768; x_wconf 85' lang='lat' dir='ltr'><strong>quod</strong></span> <span class='ocrx_word' id='word_1_218' title='bbox 721 3693 870 3767; x_wconf 82' lang='lat' dir='ltr'><strong>vegetius</strong></span> <span class='ocrx_word' id='word_1_219' title='bbox 904 3692 980 3752; x_wconf 87' lang='lat' dir='ltr'><strong>dicit</strong></span> <span class='ocrx_word' id='word_1_220' title='bbox 1014 3689 1070 3750; x_wconf 84' lang='lat' dir='ltr'><strong>‘ad</strong></span> <span class='ocrx_word' id='word_1_221' title='bbox 1104 3703 1190 3763; x_wconf 90' lang='lat' dir='ltr'><strong>quem</strong></span> 
     </span>
     <span class='ocr_line' id='line_1_34' title="bbox 132 3792 1190 3886; baseline -0.003 -26"><span class='ocrx_word' id='word_1_222' title='bbox 132 3792 312 3886; x_wconf 83' lang='lat' dir='ltr'><strong>(principem</strong></span> <span class='ocrx_word' id='word_1_223' title='bbox 325 3801 496 3885; x_wconf 84' lang='lat' dir='ltr'><strong>secuudum)</strong></span> <span class='ocrx_word' id='word_1_224' title='bbox 509 3804 542 3863; x_wconf 90' lang='lat' dir='ltr'><strong>in</strong></span> <span class='ocrx_word' id='word_1_225' title='bbox 553 3803 674 3878; x_wconf 78' lang='lat' dir='ltr'><strong>legione</strong></span> <span class='ocrx_word' id='word_1_226' title='bbox 690 3820 783 3877; x_wconf 89' lang='lat' dir='ltr'><strong>prope</strong></span> <span class='ocrx_word' id='word_1_227' title='bbox 807 3801 907 3861; x_wconf 87' lang='lat' dir='ltr'><strong>omnia</strong></span> <span class='ocrx_word' id='word_1_228' title='bbox 930 3817 1006 3874; x_wconf 87' lang='lat' dir='ltr'><strong>quae</strong></span> <span class='ocrx_word' id='word_1_229' title='bbox 1022 3797 1190 3859; x_wconf 85' lang='lat' dir='ltr'><strong>ordinanda</strong></span> 
     </span>
     <span class='ocr_line' id='line_1_35' title="bbox 134 3909 1190 3986; baseline -0.003 -16"><span class='ocrx_word' id='word_1_230' title='bbox 134 3917 206 3971; x_wconf 87' lang='lat' dir='ltr'><strong>suut</strong></span> <span class='ocrx_word' id='word_1_231' title='bbox 228 3912 411 3986; x_wconf 87' lang='lat' dir='ltr'><strong>pertinent’.</strong></span> <span class='ocrx_word' id='word_1_232' title='bbox 459 3911 572 3971; x_wconf 84' lang='lat' dir='ltr'><strong>‘Arma</strong></span> <span class='ocrx_word' id='word_1_233' title='bbox 594 3911 673 3971; x_wconf 89' lang='lat' dir='ltr'><strong>enim</strong></span> <span class='ocrx_word' id='word_1_234' title='bbox 695 3909 824 3970; x_wconf 88' lang='lat' dir='ltr'><strong>omnium</strong></span> <span class='ocrx_word' id='word_1_235' title='bbox 845 3909 976 3970; x_wconf 85' lang='lat' dir='ltr'><strong>militum</strong></span> <span class='ocrx_word' id='word_1_236' title='bbox 990 3909 1059 3984; x_wconf 91' lang='lat' dir='ltr'><strong>equi</strong></span> <span class='ocrx_word' id='word_1_237' title='bbox 1085 3914 1190 3970; x_wconf 84' lang='lat' dir='ltr'><strong>uestes</strong></span> 
     </span>
     <span class='ocr_line' id='line_1_36' title="bbox 133 4015 1189 4098; baseline -0.007 -16"><span class='ocrx_word' id='word_1_238' title='bbox 133 4038 250 4084; x_wconf 89' lang='lat' dir='ltr'><strong>annona</strong></span> <span class='ocrx_word' id='word_1_239' title='bbox 272 4023 451 4098; x_wconf 84' lang='lat' dir='ltr'><strong>discipliuae</strong></span> <span class='ocrx_word' id='word_1_240' title='bbox 474 4021 627 4084; x_wconf 85' lang='lat' dir='ltr'><strong>severitas</strong></span> <span class='ocrx_word' id='word_1_241' title='bbox 651 4018 832 4080; x_wconf 89' lang='lat' dir='ltr'><strong>exercitatio</strong></span> <span class='ocrx_word' id='word_1_242' title='bbox 854 4017 983 4080; x_wconf 88' lang='lat' dir='ltr'><strong>omnium</strong></span> <span class='ocrx_word' id='word_1_243' title='bbox 1005 4017 1136 4077; x_wconf 89' lang='lat' dir='ltr'><strong>militum</strong></span> <span class='ocrx_word' id='word_1_244' title='bbox 1150 4015 1189 4075; x_wconf 83' lang='lat' dir='ltr'><strong>ad</strong></span> 
     </span>
     <span class='ocr_line' id='line_1_37' title="bbox 132 4123 1189 4210; baseline -0.007 -20"><span class='ocrx_word' id='word_1_245' title='bbox 132 4130 317 4204; x_wconf 84' lang='lat' dir='ltr'><strong>praefectum</strong></span> <span class='ocrx_word' id='word_1_246' title='bbox 338 4129 466 4205; x_wconf 76' lang='lat' dir='ltr'><strong>legionis</strong></span> <span class='ocrx_word' id='word_1_247' title='bbox 481 4128 655 4203; x_wconf 87' lang='lat' dir='ltr'><strong>pertiueut&#39;</strong></span> <span class='ocrx_word' id='word_1_248' title='bbox 672 4128 729 4210; x_wconf 85' lang='lat'>(11,</span> <span class='ocrx_word' id='word_1_249' title='bbox 748 4124 791 4209; x_wconf 82' lang='grc'><strong>9).</strong></span> <span class='ocrx_word' id='word_1_250' title='bbox 827 4125 873 4186; x_wconf 88' lang='lat' dir='ltr'><strong>Ne</strong></span> <span class='ocrx_word' id='word_1_251' title='bbox 889 4132 1059 4187; x_wconf 87' lang='lat' dir='ltr'><strong>castrorum</strong></span> <span class='ocrx_word' id='word_1_252' title='bbox 1071 4123 1189 4200; x_wconf 85' lang='lat' dir='ltr'><strong>quidem</strong></span> 
     </span>
    </p>
   </div>
   <div class='ocr_carea' id='block_1_4' title="bbox 0 0 1348 5212">
    <p class='ocr_par' dir='ltr' id='par_1_8' title="bbox 0 0 1348 5212">
     <span class='ocr_line' id='line_1_38' title="bbox 0 0 1348 5212; baseline 0 2"><span class='ocrx_word' id='word_1_253' title='bbox 0 0 1348 5212; x_wconf 95' lang='lat' dir='ltr'><strong> </strong></span> 
     </span>
    </p>
   </div>
  </div>
 </body>
</html>
