2686 5212
641 237 682 295 53

122 412 236 472 Goeler
266 414 301 497 (l.
333 415 354 473 l.
380 431 409 488 p.
435 414 476 474 50
501 412 592 494 sqq),
617 390 665 473 eui
700 431 739 474 ex
762 421 851 488 parte
876 414 1085 489 adstipulatur
1109 398 1194 473 Mar-

41 528 44 533 '
122 523 237 596 quardt
268 522 310 606 (p.
342 522 404 583 359
438 510 529 604 sqq).
586 521 683 581 Recte
716 538 893 597 quamquam
923 538 1031 597 parum
1060 520 1195 582 feliciter

124 626 288 690 Goelerum
310 630 506 705 impugnavit
532 630 678 689 Ruestow
694 628 730 712 (l.
747 629 768 689 l.
792 646 823 703 p.
840 631 859 689 8
877 626 969 711 sqq).
1015 627 1197 703 Nuperrime

10 804 14 813 Ι
123 735 176 809 qui
210 754 246 797 ea
281 737 317 798 de
350 755 385 798 re
418 738 484 812 egit
514 737 583 797 Alb.
613 736 744 796 Mueller
775 735 904 819 (Philol.
937 737 998 796 vol.
1023 735 1196 797 XXXVIII

125 842 240 926 (1878)
263 862 291 919 p.
319 842 522 928 126-149),
559 861 736 920 quamquam
766 860 859 904 verae
890 843 1104 919 patrocinatur
1128 863 1194 905 sen-

124 953 253 1029 tentiae,
278 961 381 1013 tamen
404 970 525 1027 operam
548 953 718 1027 perdidisse
733 946 912 1011 iudicandus
929 959 977 1011 est
996 969 1032 1012 ea
1047 952 1195 1027 imprimis

124 1076 169 1135 re,
189 1063 266 1136 quod
282 1069 433 1122 mortuum
450 1067 578 1125 conatur
594 1061 769 1121 interficere
784 1077 821 1120 ne
836 1060 908 1120 huic
924 1060 1043 1135 quidem
1065 1061 1196 1122 facinori

124 1184 191 1242 par.
240 1168 312 1230 (ium
336 1170 415 1229 enim
439 1169 600 1229 Goelerum
624 1169 750 1228 deberet
780 1168 907 1244 adoriri,
935 1168 1025 1229 litem
1062 1168 1196 1229 intendit

124 1279 347 1354 Marquardtio,
372 1279 423 1353 qui
447 1278 561 1353 partim
582 1278 631 1337 illi
648 1277 827 1337 adsentatus
851 1293 935 1336 suam
961 1277 1028 1351 ipse
1042 1277 1196 1340 refutavit

126 1391 306 1467 opinionem.
353 1391 396 1450 Et
419 1390 544 1452 Goeleri
567 1407 626 1450 non
648 1390 737 1450 novit
752 1389 881 1448 Mueller
904 1388 964 1448 nisi
989 1406 1054 1448 eam
1074 1396 1194 1449 senten·

125 1497 201 1557 tiam
224 1516 312 1573 quam
336 1504 444 1559 auctor
466 1488 555 1559 brevi
577 1503 649 1573 pout
664 1497 793 1572 reliquit
822 1494 960 1570 dixitque
977 1512 1009 1555 se
1025 1513 1148 1557 errasse
1159 1495 1195 1580 ¹).

214 1608 289 1667 Rem
320 1607 407 1668 nobis
439 1608 533 1667 liceat
565 1605 670 1681 paucis
694 1605 855 1665 absolvere
890 1604 1013 1665 collatis
1046 1605 1129 1665 inter
1163 1623 1195 1666 se

126 1717 230 1777 Taciti
255 1723 286 1777 et
308 1717 436 1776 Arriani
459 1716 545 1776 locis.
593 1715 682 1790 Apud
705 1715 847 1773 Tacitum
871 1712 957 1796 (hist.
983 1714 1025 1790 Π,
1043 1712 1100 1797 89)
1124 1720 1196 1776 ante

126 1825 245 1899 aquilas
269 1823 487 1898 ingrediuntur
509 1822 680 1898 ‘praefecti
696 1828 850 1882 castorum
866 1820 1041 1896 tribunique
1058 1827 1089 1881 et
1105 1821 1196 1896 primi

126 1932 360 1993 centurionum’.
407 1932 542 1992 Eandem
577 1949 640 1992 rem
663 1931 815 1991 Arrianus
845 1929 992 1990 describit
1019 1929 1067 1990 his
1091 1931 1194 1991 verbis

217 2163 238 2230 ¹)
258 2164 352 2218 Goeler
372 2165 458 2232 (Caes.
478 2163 540 2230 gall.
559 2165 607 2216 Kr.
626 2165 645 2216 i.
665 2165 692 2216 J.
711 2164 743 2214 51
774 2181 799 2216 v.
820 2165 847 2216 G.
859 2183 886 2232 p.
906 2166 940 2216 50
958 2163 1027 2232 sqq.)
1044 2167 1073 2214 in
1090 2164 1195 2231 legione

123 2256 218 2310 statuit
254 2257 334 2306 luisse
366 2256 533 2306 centuriones
570 2258 675 2304 centum
715 2255 818 2319 viginti,
856 2256 995 2320 sexaginta
1030 2256 1198 2306 centuriones

124 2343 169 2408 qui
198 2347 305 2410 proprie
339 2346 483 2410 nuncupati
518 2344 578 2410 sint,
617 2344 757 2409 sexaginta
783 2344 1001 2396 subcenturiones
1032 2347 1077 2410 qui
1106 2348 1195 2395 tamen

120 2437 252 2485 numerati
298 2436 351 2485 sint
394 2435 421 2484 iu
466 2434 671 2485 centurionibus.
728 2433 859 2498 sexageni
907 2434 1125 2485 subcenturiones
1170 2435 1195 2485 ei
1221 2430 1224 2435 ’

123 2528 227 2589 generis
255 2529 392 2576 auctorem
422 2525 522 2575 habent
560 2540 640 2574 unum
673 2524 904 2575 subcenturionem
940 2523 1081 2574 Liuianum
1111 2521 1194 2589 (VIII,

123 2613 148 2670 8,
171 2614 234 2677 18);
253 2613 339 2664 sedis
358 2617 415 2663 toto
435 2613 509 2664 caelo
529 2629 546 2663 a
560 2611 724 2663 Goelerianis
737 2612 876 2678 discrepat.
907 2612 1029 2662 Ceterum
1040 2616 1196 2676 argumenta

122 2718 176 2752 non
204 2702 299 2754 adtulit
325 2704 367 2753 vir
396 2703 508 2770 doctus;
528 2703 633 2753 videtur
651 2709 757 2755 secutus
775 2719 832 2753 esse
849 2704 1048 2766 Mommsenum,
1070 2705 1115 2768 qui
1132 2701 1196 2752 olim

121 2789 158 2856 (d.
177 2794 243 2842 riim.
263 2793 361 2843 Tribus
379 2810 405 2859 p.
420 2794 468 2842 127
489 2797 544 2843 not.
564 2791 628 2858 121)
647 2792 827 2843 existumabat
848 2792 954 2841 Livium
975 2792 1018 2856 (X,
1038 2792 1081 2850 44,
1100 2790 1128 2857 3)
1139 2806 1194 2841 ma·

122 2881 211 2948 nipulo
224 2883 364 2949 adsignare
385 2885 552 2935 centuriones
571 2886 704 2948 quattuor.
725 2882 881 2948 blanquardt
900 2880 1034 2932 fabulosos
1051 2882 1195 2933 arbitratus

124 2972 230 3024 Goeleri
240 2974 459 3025 subcenturiones
472 2976 603 3024 continuit
615 2988 642 3023 se
654 2975 682 3022 in
695 2972 902 3023 centurionibus.
924 2973 1018 3037 ltaque
1028 2988 1088 3023 cum
1099 2972 1196 3025 Goeler

123 3061 258 3113 duodenos
272 3067 401 3114 statueret
419 3065 604 3114 centurionum
623 3062 736 3125 ordines,
755 3062 938 3128 Marqnardtio
957 3065 1125 3113 senitantum
1136 3061 1193 3129 pla-

122 3160 192 3204 cent.
229 3151 325 3204 Octavi
344 3151 450 3204 ordines
471 3152 559 3217 (Caes.
577 3153 610 3205 B.
623 3151 652 3203 G.
666 3153 715 3211 ΙΙΙ,
729 3150 774 3218 53)
794 3152 873 3203 credo
883 3153 958 3202 isere
970 3151 1044 3202 nulli.
1080 3153 1123 3203 An
1135 3154 1194 3219 opi·

122 3244 203 3290 natur
227 3241 270 3290 vir
288 3240 380 3292 doctus
403 3241 440 3305 (p.
452 3242 501 3291 361
522 3245 577 3291 not.
596 3243 623 3304 2)
637 3243 761 3291 octavum
777 3239 859 3306 pilum
868 3241 983 3304 priorem
996 3245 1022 3290 et
1040 3245 1195 3292 octavorum

122 3335 149 3381 et
167 3331 312 3396 primorum
336 3330 416 3381 fuisso
430 3330 557 3389 ordinum,
567 3333 727 3395 ¹primosque
738 3329 842 3380 ordines
854 3330 1001 3381 constitisse
1020 3334 1046 3380 et
1062 3330 1195 3382 indecem

123 3418 184 3486 pilis
201 3418 334 3485 prioribus
352 3423 379 3470 et
394 3420 422 3468 in
438 3420 540 3485 primae
558 3418 675 3470 cohortis
696 3420 919 3471 centurionibus?
937 3419 1036 3471 Levius
1063 3426 1104 3472 est
1122 3423 1193 3487 qnod

123 3509 237 3574 primum
255 3505 339 3573 pilum
354 3510 527 3574 posteriorem
546 3509 649 3560 decimo
667 3508 774 3560 hastato
791 3510 1000 3576 prioreminoris
1018 3510 1193 3578 fuissedigni-

123 3597 185 3647 tatis
203 3593 342 3662 significat.
379 3597 422 3647 De
442 3598 544 3648 octavis
564 3597 699 3648 ordinibus
717 3596 770 3648 illis
787 3595 900 3648 Mueller
918 3598 955 3665 (p,
975 3599 1038 3663 134)
1051 3602 1194 3653 memoriae

123 3683 274 3735 mandanda
292 3684 367 3735 duxit
391 3684 476 3737 haec:
506 3687 593 3738 ‘nach
621 3686 889 3752 Goeler·Marqnardt
915 3687 989 3738 hiitte
1006 3686 1110 3738 Scaeva
1136 3692 1193 3741 eine

123 3775 169 3825 der
187 3775 334 3826 Nummern
353 3776 378 3838 8,
397 3776 440 3835 38,
460 3776 504 3842 18,
522 3777 565 3836 48,
585 3777 629 3842 28,
650 3778 683 3826 58
702 3776 817 3843 gefdhrt,
834 3776 889 3827 und
906 3775 1057 3842 unmiiglich
1075 3777 1194 3829 konnten

123 3864 194 3914 dieue
214 3864 359 3915 Mummern
379 3871 458 3916 nnter
477 3865 523 3917 der
533 3865 722 3931 Bezeichnung
732 3866 820 3917 octavi
830 3866 935 3917 ordines
944 3868 1195 3932 zusammengeIasst

124 3955 239 4018 werden,
259 3955 357 4007 Caesar
375 3954 448 4006 hiitte
465 3955 608 4021 jedenlalls
631 3957 673 4008 die
691 3971 744 4007 ron
753 3956 808 4006 ihm
817 3956 965 4008 belrleidete
975 3956 1194 4011 Stellebestimmt

123 4044 243 4095 namhaft
272 4045 384 4096 macheu
408 4047 539 4099 miissen’.
576 4046 654 4108 Quod
680 4049 827 4113 posteriore
853 4046 913 4099 loco
949 4047 1014 4097 dixit
1040 4064 1194 4114 perversum

123 4138 164 4184 est
191 4137 221 4184 ut
239 4132 357 4200 intellegi
382 4132 455 4185 nullo
484 4135 561 4187 modo
590 4136 679 4202 possit,
709 4135 811 4201 reliqua
840 4135 909 4188 falsa
934 4140 1013 4205 sunt3
1043 4136 1076 4189 ci.
1097 4136 1193 4190 (iceler

122 4240 148 4290 p.
169 4224 200 4272 51
222 4238 259 4288 sq.
280 4223 437 4288 Marquardt
453 4240 481 4291 p.
502 4223 611 4297 dtlsq.
