2686 5212
649 139 686 200 19

133 315 229 374 fnisse
262 315 385 375 videtur
419 315 535 390 Lange,
570 331 635 375 cum
675 315 789 376 duobus
823 318 958 378 hastatis
993 317 1199 379 centenarium

133 421 269 496 largitus
302 428 350 480 est
384 438 484 485 unum.
531 421 720 496 Bipartitam
743 422 820 483 fecit
842 425 1011 485 centuriam
1032 423 1198 500 Vegetius;

136 535 209 604 apte
232 530 339 605 Lange
371 529 485 589 adiecit
518 529 731 599 centurionem¹
757 531 948 606 bipartitum.
994 532 1143 592 Nimirum
1172 531 1200 589 is

134 638 265 711 regebat
297 619 363 698 eam
397 635 574 713 centuriam,
607 637 692 698 ouius
715 639 817 700 altera
840 657 912 715 pars
934 640 1061 715 primum
1100 639 1202 700 altere

134 747 296 808 secundnm
316 748 474 809 hastatum
496 749 689 822 sequebatur.

226 856 285 917 Sed
308 856 396 917 video
420 874 466 917 me
488 856 612 917 nimium
634 858 818 919 concessisse
833 857 980 937 Langeio,
997 858 1049 934 qui
1072 858 1202 934 quinque

135 964 328 1026 centenarios
350 965 383 1024 11
405 966 530 1025 cohorte
553 965 652 1041 prima
674 966 768 1027 inisse
791 966 957 1027 contendit.
998 964 1118 1028 Statuit
1142 967 1200 1027 Ve-

135 1072 253 1147 getium
274 1071 306 1132 11
330 1072 432 1147 capite
454 1079 589 1133 extremo
623 1073 794 1136 ordinarios
829 1074 911 1134 iuter
934 1073 1127 1134 centuriones
1149 1091 1201 1134 nn·
1250 1138 1253 1151 ι

135 1198 280 1258 merasce,
306 1182 384 1256 quod
406 1181 513 1242 videat
537 1199 593 1257 quo
617 1182 683 1243 iuro
708 1189 836 1243 statuat.
885 1182 998 1243 Tribus
1021 1182 1097 1243 locis
1121 1184 1202 1244 ordi-

135 1288 219 1348 narii
242 1294 404 1349 occurrunt
426 1289 469 1364 11,
484 1293 514 1352 7.
536 1289 638 1365 11,15
663 1290 728 1372 (ubi
752 1296 854 1350 tamen
878 1289 996 1350 Gemoll
1018 1291 1040 1350 l.
1055 1290 1076 1349 l.
1093 1308 1122 1365 p.
1140 1291 1203 1350 114

135 1396 389 1471 interpolatorem
424 1393 556 1478 olfacit),
581 1403 687 1456 nostro
722 1398 798 1457 loco.
846 1397 959 1469 Quibus
985 1415 1022 1457 ex
1045 1398 1121 1458 locis
1144 1416 1204 1459 non

137 1509 242 1578 potest
274 1505 373 1566 evinci
403 1503 568 1579 Vegetium
597 1504 768 1564 ordinarios
796 1504 829 1563 in
853 1504 1060 1568 centurionum
1082 1522 1205 1566 numero

137 1612 292 1674 hahuisse.
335 1613 427 1673 Immo
452 1613 628 1687 quicumque
651 1618 819 1672 extremum
842 1619 980 1672 nostrum
1003 1618 1094 1687 caput
1118 1630 1203 1673 accu-

138 1726 209 1780 rate
224 1720 395 1795 inspexerit
411 1719 551 1794 opinione
575 1735 635 1779 non
650 1719 871 1796 praeiudicata,
888 1720 916 1779 is
932 1720 1058 1795 pedibus
1080 1737 1141 1780 non
1156 1721 1205 1780 ire

137 1829 173 1887 in
196 1829 380 1888 contrariam
402 1828 586 1888 seutentiam
608 1844 669 1887 non
691 1829 817 1903 poterit.
859 1826 932 1888 (lum
954 1829 1033 1887 enim
1056 1828 1205 1902 Vegetius

140 1935 224 1994 dicat
249 1940 354 1996 ‘erant
378 1936 472 1996 etiam
488 1935 700 2011 centuriones,
727 1941 832 1994 ‘erant
854 1935 980 2012 decani’,
1005 1936 1135 2010 adparet
1150 1937 1205 1996 hos

139 2042 252 2116 opponi
287 2043 468 2116 ordinariis3
501 2049 648 2103 commata
676 2060 749 2102 vero
787 2043 857 2117 ‘qui
886 2044 1023 2117 singulas
1052 2045 1207 2104 centurias

110 2140 113 2144 ’
140 2153 301 2227 curabant,
319 2152 370 2227 qui
393 2169 471 2212 nuno
487 2151 656 2212 centenarii
679 2152 874 2212 nominantur
888 2152 905 2227 ',
931 2152 1034 2211 ‘denis
1057 2152 1207 2213 militibus

140 2261 321 2336 praepositi,
347 2261 398 2336 qui
430 2279 508 2322 nunc
535 2268 627 2336 caput
657 2261 848 2321 contubernii
879 2261 1047 2321 vocantur’
1072 2279 1131 2321 non
1155 2262 1205 2321 ad·

140 2369 224 2428 10010
248 2386 324 2443 esse,
347 2374 383 2427 ut
418 2369 533 2442 species
568 2368 713 2442 quaedam
745 2367 983 2443 significaretur,
1016 2369 1068 2427 sed
1098 2369 1208 2443 utqui

142 2480 247 2534 essent
270 2474 320 2534 illi
351 2475 566 2548 explicaretur.
613 2474 689 2533 Tum
710 2474 753 2549 II,
782 2475 821 2534 13
847 2475 927 2534 solos
951 2491 1002 2533 cos
1036 2474 1208 2548 adpellatos
1309 2522 1312 2527 ,

141 2583 211 2644 volt
233 2583 382 2656 Vegetius
406 2584 597 2643 centuriones
614 2583 664 2642 vel
688 2582 890 2657 centenarios,
907 2581 958 2656 qui
980 2581 1116 2657 singulas
1140 2599 1206 2641 ceu-

140 2690 242 2750 turias
264 2691 412 2750 curarint.
437 2689 536 2750 Porro
560 2707 625 2750 cum
648 2690 750 2749 decem
772 2689 927 2748 centurias
944 2689 1064 2748 tribuat
1087 2689 1208 2748 cohorti

141 2797 259 2873 primae
293 2804 326 2859 et
365 2797 556 2858 centuriones
592 2797 675 2858 dicat
709 2796 828 2856 rexisse
863 2797 1001 2870 singulas
1041 2796 1206 2871 centurias,

141 2923 241 2967 nonne
274 2905 374 2980 quivis
409 2906 584 2981 opinabitur
617 2906 717 2983 decem
748 2905 843 2964 inisse
867 2921 918 2964 eos
942 2904 1134 2964 centuriones
1157 2904 1208 2963 vel

143 3013 361 3073 centenarios?
399 3015 475 3074 Mihi
497 3015 596 3088 igitur
620 3020 742 3074 constat
766 3014 867 3073 decem
890 3013 1081 3072 centenarios
1106 3014 1206 3086 adsig-

142 3137 235 3181 nasse
257 3121 420 3196 Vegetium
443 3120 563 3181 cohorti
584 3122 709 3197 primae,
726 3137 822 3195 neque
845 3120 949 3180 obiicit
972 3121 1049 3195 quod
1082 3120 1132 3178 hio
1154 3136 1206 3178 nu-

144 3245 245 3289 merus
268 3230 351 3293 nullo
374 3235 465 3305 pacto
489 3230 632 3290 convenit
655 3228 694 3288 ad
709 3228 792 3288 mille
808 3234 927 3288 centum
948 3228 1078 3302 quinque
1093 3226 1207 3286 milites

144 3351 220 3411 quos
243 3335 274 3395 in
296 3337 395 3411 prima
418 3337 543 3396 cohorte
565 3336 660 3395 fuisse
683 3335 792 3396 tradit.

235 3441 333 3503 Unum
357 3444 434 3517 quod
457 3443 592 3503 omnibus
616 3449 686 3502 erat
712 3441 870 3502 offensioni
893 3439 1051 3515 probabile
1068 3440 1155 3499 duxit
1169 3440 1207 3515 is,

144 3549 231 3611 cuius
252 3550 301 3610 his
325 3551 357 3610 in
379 3553 469 3611 rebus
485 3552 577 3612 facile
594 3569 706 3611 summa
731 3550 972 3624 estauotoritas,
996 3549 1208 3609 Mommsenum

145 3657 223 3719 dico.
270 3657 342 3718 Cum
366 3660 445 3718 enim
467 3659 610 3734 princeps
634 3659 778 3717 minorem
806 3674 894 3731 quam
926 3656 1040 3731 primus
1063 3657 1207 3715 hastatus

144 3773 271 3841 regeret
294 3784 457 3844 numerum,
491 3769 716 3842 conligcbamus
747 3765 832 3825 illius
860 3763 1042 3838 dignitatem
1065 3763 1209 3822 minorem

145 3893 214 3936 esse
238 3894 326 3951 quam
348 3877 447 3937 huius.
479 3878 643 3938 Mommsen
665 3893 738 3937 vcro
763 3873 980 3934 contrariaest
995 3873 1028 3932 in
1043 3871 1207 3933 sententia.

146 3983 275 4067 ‘[Primi
297 3985 445 4061 principis
467 3984 596 4068 prioris]
621 3984 736 4060 partes*
760 3982 861 4056 inquit
884 3979 931 4063 (G.
945 3981 970 4042 Ι,
995 3981 1030 4040 L.
1055 3979 1115 4054 III,
1129 3977 1208 4060 830)

148 4089 291 4153 ‘fuerunt
305 4094 433 4153 maximo
456 4091 489 4152 in
511 4095 601 4152 rebus
625 4089 885 4152 administrandis.
918 4089 1016 4151 Nem.
1036 4132 1042 4147 .
1060 4088 1208 4162 Vegetius
