2686 5212
653 234 694 294 47

125 414 302 487 castrorum
322 420 424 487 esset,
451 413 539 472 binos
573 412 749 509 plerumque
779 412 955 483 laticlauios
987 414 1201 489 praeposuisse

128 516 269 592 singulis
279 516 355 579 alis.
381 502 569 579 Tribunatus
593 502 693 592 igitur
715 502 848 592 legionis
871 519 996 580 minoris
1016 526 1084 581 erat
1101 519 1200 595 digni·

113 624 210 691 tatis
230 614 320 702 quam
336 608 539 714 praefectura
574 610 664 703 alae,
683 632 719 686 ut
750 625 805 687 ad
820 612 959 689 tribunos
982 645 1042 689 non
1064 623 1203 704 potnerit

125 733 295 809 pertinere
317 720 453 813 regimen
487 734 629 809 legionis
678 734 814 837 ¹Cumque
841 736 999 811 Augustus
1021 735 1202 812 provideret

126 835 258 917 nequis
282 858 391 917 expers
425 849 596 904 castrorum
620 849 712 920 esset,
736 832 797 903 nisi
827 860 891 905 mos
921 844 982 905 iem
1005 850 1097 905 antea
1120 850 1200 923 erat,

128 952 204 1009 tnnc
225 954 310 1010 certe
333 942 458 1010 institui
481 952 644 1024 oportebat
667 955 702 1009 ut
725 949 857 1025 legionis
886 951 1028 1012 cohortes
1051 952 1202 1011 haherent

129 1047 372 1127 separatiores.
403 1056 503 1118 Porro
528 1048 721 1133 disciplinam
743 1075 853 1133 regere
875 1059 1065 1120 tribunorum
1090 1065 1159 1119 erat
1168 1057 1202 1142 ¹),

131 1180 219 1239 quam
240 1164 273 1225 in
294 1166 440 1227 universe
462 1165 584 1241 legione
607 1156 782 1241 praefectus
800 1159 1047 1228 castrorum‘vel
1069 1164 1202 1241 legionis

129 1262 284 1347 exigebat.
308 1273 418 1347 Itaque
439 1266 563 1334 necesse
586 1264 634 1334 est
651 1273 791 1334 tribunos
808 1272 997 1335 consuluisse
1020 1273 1202 1349 disciplinae

129 1375 163 1437 ln
195 1372 326 1453 singolis
360 1378 548 1444 cohortibus.
594 1378 699 1454 Neque
734 1379 814 1440 enim
837 1380 998 1455 neglectae
1021 1379 1202 1455 disciplinae

129 1478 220 1558 culpa
248 1489 373 1558 poteret
407 1485 554 1560 imputari
587 1487 720 1548 tribunis
733 1482 773 1571 2),
808 1487 869 1547 nisi
892 1503 978 1547 snum
1000 1487 1126 1562 quisque
1149 1503 1202 1548 nn·

128 1585 245 1673 merum
267 1593 418 1666 regebant
432 1587 468 1675 ³).

225 1696 297 1759 Oum
319 1698 446 1775 Vegetii
469 1700 590 1762 verbis:
616 1697 766 1785 ‘[prlmae
789 1693 925 1787 cohorti]
949 1699 1090 1761 tribunus
1113 1717 1201 1779 prae·

129 1811 199 1866 erat
230 1823 381 1868 armorum
409 1807 540 1868 scientia
558 1809 686 1870 virtute
718 1810 855 1886 corporis
889 1826 1005 1870 morum
1038 1809 1207 1880 honestate,

129 1913 327 1995 praecipuus’
351 1914 427 1975 licet
450 1915 584 1976 fortasse
607 1918 747 1978 conferre
771 1936 847 1995 quae
870 1918 910 1980 M.
936 1918 1110 1978 Antoninus
1126 1918 1201 1979 scri

76 2021 184 2101 ,ιιι
208 2021 326 2108 (Spart.
350 2023 438 2085 Pesc
463 2024 536 2099 Nig.
567 2023 659 2107 4,2):
692 2025 780 2087 ‘misi
801 2026 975 2090 litteras..
1000 2025 1109 2101 quibus
1135 2042 1209 2098 eum⁴

128 2131 278 2192 trecentis
309 2131 480 2193 Armenicis
516 2139 549 2193 et
583 2139 703 2194 centurn
738 2134 888 2195 Sarmatis
923 2139 956 2194 et
977 2134 1062 2194 mille
1084 2135 1201 2197 nostris

128 2254 272 2314 praeesse
286 2238 374 2300 iussi.
399 2241 496 2301 Tuum
512 2246 561 2300 est
576 2241 737 2302 ostendere
748 2240 933 2307 hominem..
947 2241 1067 2303 virtute
1079 2241 1202 2305 venisse

130 2346 179 2406 ad
201 2349 450 2424 enmloctim,
476 2366 631 2424 quem..
663 2349 849 2427 Hadrianus,
882 2366 970 2425 quem
993 2348 1199 2412 Traianus..

128 2471 207 2515 non
239 2455 324 2516 nisi
358 2456 720 2531 exploratissimis
755 2457 908 2522 dahat’.·
949 2457 1118 2519 Dolendum
1152 2463 1202 2519 est

130 2565 209 2639 quud
234 2582 320 2642 quem
335 2583 490 2627 nnmerum
506 2568 664 2628 effecerint
687 2567 790 2628 ‘mille
808 2567 927 2628 nostri'
951 2567 1001 2628 1111
1015 2583 1075 2629 non
1091 2567 1201 2643 liquet.

129 2668 242 2739 Potest
264 2672 364 2762 inisse
384 2674 492 2735 cohors
514 2674 614 2750 prima
637 2676 785 2751 deputata
807 2692 827 2736 ιι
848 2652 1018 2759 le'gionel).

131 2796 344 2808 ——---—

204 2845 224 2914 ¹)
244 2850 308 2901 Tac.
328 2863 389 2904 ann.
409 2852 430 2916 l,
450 2852 494 2903 44.
513 2853 620 2922 Lampe.
638 2853 679 2904 Al.
702 2852 761 2905 Ser.
781 2852 827 2923 54,
847 2853 873 2905 7.
895 2852 983 2920 Spart.
1001 2852 1076 2906 Pesc.
1095 2855 1156 2925 Nig.
1174 2856 1199 2915 3,

131 2939 174 2990 10.
188 2942 230 2993 11.
255 2940 344 3008 Spart.
370 2942 452 2994 Hadr.
479 2944 521 3011 10,
538 2945 561 2995 t.
595 2945 669 2996 'lert
697 2943 731 2995 de
760 2956 816 2997 cor.
844 2941 900 2997 mil.
921 2947 935 2994 1
957 2943 1098 2996 ‘tribunus
1117 2945 1198 3008 ,enr‘

127 3030 229 3097 inquit,
250 3036 304 3081 tam
330 3030 449 3083 diversus
477 3033 628 3085 hahitn“i'

202 3116 224 3186 ²)
242 3120 349 3186 Lampr.
367 3119 416 3171 ll
436 3121 556 3173 tribunos
575 3124 632 3173 eine
649 3120 760 3186 legionis
778 3120 930 3189 capitali
954 3119 1100 3172 adiecit
1122 3136 1198 3189 snp-

129 3206 251 3275 plicio,
270 3208 342 3275 qnod
359 3225 407 3276 per
424 3209 619 3276 neglegentiam
637 3209 744 3261 illorum
765 3210 862 3262 milites
884 3209 954 3276 apud
966 3209 1104 3278 Daphnem
1122 3207 1199 3262 luxu,-

129 3298 193 3348 rlati
211 3301 307 3361 essent,
325 3296 369 3348 vol
388 3303 460 3350 certe
478 3313 527 3366 per
545 3300 722 3351 coniventiam
741 3298 898 3350 seditionem
917 3299 1024 3350 iecisset
1044 3297 1200 3350 exercitus’.

204 3384 329 3456 'l'hliror
346 3381 468 3458 equidem
484 3392 556 3443 viros
567 3390 722 3458 doetcaqni
743 3388 828 3458 (relnt
844 3390 991 3442 Mommsen
1007 3392 1072 3441 xiim.
1090 3390 1201 3442 snam.

130 3475 158 3532 1¹
175 3495 202 3548 p.
221 3479 288 3543 4114)
307 3480 427 3532 tribunos
444 3479 536 3532 dicunt
564 3482 650 3547 magis
675 3481 704 3531 in
734 3478 816 3532 rebus
835 3478 1049 3531 administrandis
1076 3492 1155 3546 qnam
1171 3479 1201 3531 in

130 3569 244 3622 rnilitum
263 3571 390 3623 (lechone
404 3576 524 3623 versatos
542 3586 626 3626 esse.·
645 3573 708 3640 Ipsa
726 3569 775 3623 illa
793 3569 884 3622 officia
900 3584 969 3637 qnae
983 3568 1143 3636 ,hiarqnntdt
1160 3569 1203 3638 (p.

130 3660 196 3727 446)
215 3661 305 3712 edient
331 3660 396 3713 mihi
408 3660 530 3725 'probant
546 3660 667 3719 mibnnos
685 3663 741 3712 suis
758 3660 875 3721 numeris
891 3659 1046 3730 praeiniese.
1057 3686 1064 3729 ,⁴
1076 3658 1199 3713 musmo

129 3764 195 3802 vero
214 3748 396 3803 adulescentes
415 3747 570 3803 delicatulos
588 3765 667 3819 saepe
683 3750 822 3817 imperium
838 3764 892 3801 non
910 3747 1025 3820 curmae,
1037 3747 1083 3800 sed
1101 3747 1130 3802 hi
1148 3735 1200 3807 nec

129 3853 173 3891 res
191 3836 410 3891 alministrabant
427 3834 514 3907 neque
531 3841 637 3890 omnino
655 3838 799 3908 quidquam
816 3820 932 3890 militare
957 3816 1074 3904 agebant
1092 3831 1199 3905 praeter

129 3934 313 3981 commeatum.
348 3925 423 3980 Nihil
447 3926 520 3981 aliud
543 3926 656 3981 efficitur
682 3944 716 3983 ex
741 3929 830 4010 Taciti
857 3927 918 3981 loco
943 3923 1028 4024 (ιιι.
1052 3926 1090 3993 ὅ),
1119 3938 1205 4004 quem¹

10 4008 12 4015 ’
129 4017 275 4070 Mommsen
293 4016 388 4070 adfert.

218 4101 296 4172 ⁴)ct
313 4106 411 4159 Renier
437 4106 463 4172 t,
477 4104 526 4167 B.
538 4106 584 4160 uhi
608 4107 714 4175 legatus
739 4102 933 4227 hannem
897 4108 1009 4162 ex'ensat
1031 4103 1103 4174 qnod
1128 4103 1199 4162 anne

129 4193 233 4250 mnus
268 4195 334 4250 Tac.
353 4195 413 4249 hist.
429 4195 455 4261 Ι,
469 4196 513 4248 tt.
662 4220 664 4225 ·
