2686 5212
267 713 575 788 1111111111
592 711 963 790 'CONTROVERSA
972 716 1008 789 [1.

136 928 163 988 1.
198 925 266 983 Non
289 929 373 983 recte
405 922 533 983 Carolus
557 923 646 997 Lang
677 922 709 983 in
732 923 858 999 Vegetii
882 923 1016 985 editione
1037 924 1174 998 capitum

198 1032 416 1106 inscriptiones
441 1030 638 1105 exstirpavit.

133 1144 162 1200 2.
198 1141 234 1198 In
257 1140 440 1199 recensendo
463 1138 593 1213 Vegetio
618 1137 734 1198 codices
758 1139 866 1198 classis
891 1141 920 1200 η’
944 1140 1026 1201 invto
1050 1141 1175 1201 minoris

199 1247 354 1306 aestimati
387 1253 458 1305 sunt
490 1264 509 1305 a
539 1245 669 1319 Langio.
724 1246 828 1320 Neque
869 1247 947 1306 enim
986 1250 1173 1324 archetypus

199 1355 287 1414 huius
311 1354 420 1413 classis
443 1353 585 1414 Flavium
608 1353 789 1427 Eutropium
816 1358 1041 1417 emendatorem
1066 1374 1176 1431 passus
1277 1336 1280 1340 λ

200 1469 257 1525 est.
305 1462 361 1521 VD
381 1461 520 1521 ,codicum
540 1461 728 1535 archetypus
745 1470 901 1524 correctus
926 1470 975 1524 est
992 1464 1030 1524 ad
1043 1465 1177 1525 ,alteram

199 1570 242 1653 (a)
267 1571 404 1630 classem.
955 1569 975 1575 ”

127 1732 130 1741 ,
157 1723 163 1738 .
200 1679 289 1753 Apud
312 1679 475 1753 Vegetium
503 1681 533 1740 Π
557 1679 669 1738 codicis
692 1677 785 1738 lectio
809 1677 1002 1737 restituenda
1026 1682 1074 1736 est
1090 1678 1177 1739 velut

206 1787 255 1845 his
286 1787 383 1846 locis:
418 1804 447 1861 p.
483 1788 567 1861 9,11
588 1791 589 1795 ’
608 1787 785 1846 abducebat.
812 1786 863 1860 11,
886 1785 925 1844 16
958 1784 1178 1847 inscribendus.

208 1894 258 1968 14,
272 1896 313 1952 20
338 1902 549 1958 consueverat.
599 1895 679 1969 ro‚3
705 1911 724 1952 a
747 1892 1033 1968 campidoctoribns.
1070 1895 1123 1969 26,
1137 1895 1177 1952 10

203 2001 346 2060 celeriter
371 2007 402 2060 et
426 2006 524 2061 caute.
572 2002 624 2077 32,
638 2003 676 2061 17
700 2001 892 2076 indulgentia
919 2007 1045 2063 vestrae
1068 2020 1173 2077 peren·

203 2108 324 2197 nitatis
365 2109 450 2184 33,8
474 2109 551 2168 alae.
593 2109 671 2184 40‚1
701 2109 899 2183 imaginiieri.
946 2108 1035 2184 45,7
1057 2108 1090 2168 in
1112 2109 1177 2183 ipso

205 2215 329 2274 vexillo.
355 2216 434 2292 49‚1
454 2218 582 2290 sperari.
610 2217 692 2293 56,4
717 2236 782 2292 sqq.
800 2218 877 2292 quod
895 2263 901 2277 .
921 2263 927 2277 .
947 2262 954 2277 .
980 2217 1101 2277 discunt
1118 2262 1124 2277 .
1144 2261 1177 2280 ..

205 2322 388 2382 comitantur
406 2368 412 2381 .
432 2368 464 2387 ..
504 2325 621 2384 existit.
670 2328 754 2401 89,2
791 2327 922 2388 coluere.
971 2325 1178 2400 92111010-

204 2435 324 2488 verunt.
361 2431 442 2503 94,1
462 2432 597 2491 anhelus.
632 2414 714 2508 1112
732 2433 825 2495 Haec.
863 2433 946 2508 94‚4
969 2433 1178 2506 perdiderunt.

206 2536 329 2613 lomna
356 2554 479 2597 cuneum
501 2541 561 2603 vel.
600 2541 701 2616 111,6
727 2548 759 2600 et
783 2541 855 2602 suia.
895 2542 999 2614 112,8
1023 2540 1175 2602 obvietur.

209 2645 472 2719 114,3nondum.
513 2647 638 2723 136,15
664 2665 731 2722 qua.
774 2649 899 2724 137,14
923 2649 1019 2707 etin.
1059 2647 1178 2722 160,15

203 2753 383 2828 navigaturi
415 2761 495 2815 sunt.
520 2755 757 2817 —Praeterea
787 2757 881 2816 scribi
903 2757 991 2816 iubeo
1015 2772 1044 2830 p.
1070 2756 1175 2831 24,13

205 2862 306 2920 inulti.
366 2863 470 2939 5219
500 2866 537 2923 ab
565 2863 642 2937 ipsis
678 2872 710 2924 et
745 2863 1023 2924 contubernalibus.
1073 2863 1177 2938 78,13

205 2976 396 3048 praecedere.
447 2977 548 3052 103‚7
573 2975 662 3034 Hine.
714 2974 838 3050 159‚16
864 2972 964 3032 sciunt
987 2978 1122 3032 eatenus.

140 3083 169 3142 4.
205 3082 321 3156 Hygin.
358 3083 387 3145 d.
422 3100 501 3142 mun.
539 3089 633 3143 castr.
658 3084 719 3160 §2
752 3080 883 3140 restituo
908 3081 964 3140 hoe
987 3079 1091 3139 modo:
1128 3077 1181 3136 sed

207 3189 398 3263 semistrigia
422 3206 480 3249 non
503 3190 694 3249 mutabimus.
742 3188 892 3248 Rationes
914 3194 1058 3246 tonsurae
1081 3183 1178 3243 cuins-

207 3314 263 3370 qne
287 3297 409 3371 generis
433 3296 623 3358 subiecimus.

206 3405 278 3464 ibid.
305 3407 322 3484 g
348 3405 389 3464 47
411 3407 530 3466 scribo:
563 3406 601 3466 ad
625 3421 779 3464 nnmerum
801 3402 963 3476 legionum.

141 3514 169 3571 5.
206 3511 356 3569 Arnmiani
365 3513 480 3587 XXVI,
497 3514 526 3587 3,
544 3512 800 3584 llegendnmest:
819 3509 945 3582 quitum
959 3509 1175 3570 clarescebant.

206 3615 279 3683 ibid.
304 3620 405 3695 XXX,
416 3623 446 3695 9,
458 3620 478 3678 4
492 3619 681 3694 transposito
695 3623 840 3678 commate
849 3616 965 3676 scribo:
979 3616 1125 3679 militaris
1135 3621 1182 3680 rei

209 3727 346 3786 ordinum
362 3727 626 3787 scrutantivsimus
647 3735 679 3787 et
693 3743 840 3789 novorum
858 3724 1001 3786 inventor
1022 3743 1180 3789 armorum.

143 3839 171 3895 6.
207 3837 270 3896 XII
287 3854 397 3911 paneg.
423 3838 495 3897 Lat.
521 3837 580 3920 (ed.
599 3835 770 3918 Baehrens)
794 3833 984 3894 scribendum
1005 3832 1129 3893 videtur
1152 3853 1182 3910 p.

213 3943 315 4018 118,5
350 3943 472 4003 sudibus
508 3949 540 4003 et
576 3943 692 4016 clavis;
729 3959 758 4016 p.
787 3941 911 4017 leant
941 3940 1064 4000 extendi
1088 3940 1182 4000 latius

208 4068 329 4112 cornua.
