2684 5190
689 573 709 633 4

254 752 336 825 Quae
359 755 392 814 in
415 753 516 829 eapite
540 757 675 812 extremo
692 752 729 812 de
745 751 885 813 discrime
902 750 980 827 quod
996 751 1079 811 inter
1094 750 1236 827 legiones

166 870 198 923 et
213 838 336 924 ‘sumile
358 861 531 922 intercedat
564 859 690 920 disserit
721 866 829 921 sueton
850 860 895 943 (p.
921 860 974 937 34,
1006 857 1108 942 1-9)
1132 862 1237 922 neseio

170 971 315 1046 quomodo
337 968 494 1045 explieatu
516 972 588 1028 sunt
611 966 802 1028 diffieilllna.
849 965 923 1028 Cum
945 972 1137 1043 opponentur
1152 968 1238 1029 inter

165 1096 199 1139 se
232 1078 368 1154 legiones
401 1083 432 1137 et
456 1076 582 1154 auxilia,
606 1077 743 1151 sequitur
777 1081 813 1137 ut
835 1075 918 1136 inter
941 1076 1016 1136 haee
1037 1084 1237 1138 numerentur

167 1203 269 1248 omnes
294 1187 399 1262 eopiae
422 1191 547 1261 praeter
570 1186 718 1262 legiones,
743 1187 794 1260 qui
815 1184 934 1245 dioendi
955 1201 1028 1245 usus
1051 1186 1089 1244 ab
1104 1184 1236 1259 impera-

164 1300 265 1356 torum
288 1300 393 1355 aetate
415 1293 549 1355 invaluit
560 1292 595 1375 ¹).
643 1293 701 1354 Sed
732 1299 797 1353 tum
819 1292 935 1353 auxilia
969 1292 1002 1352 in
1024 1292 1101 1367 ipsis
1124 1294 1236 1354 Rome-

164 1418 270 1467 norum
290 1401 457 1478 provinciis
479 1402 663 1476 legebantur
677 1402 837 1463 maximam
856 1407 985 1477 partem,
1006 1419 1072 1462 eum
1085 1402 1236 1477 Vegetius

166 1527 202 1570 ea
224 1510 305 1571 velit
327 1509 479 1585 adpellari
503 1509 629 1585 auxilia,
655 1527 732 1583 quae
755 1527 774 1570 a
797 1510 888 1571 sooiis
911 1511 963 1571 vel
978 1511 1145 1571 foederatis
1162 1530 1234 1586 gen-

164 1616 248 1679 tibus
272 1618 366 1679 missa
388 1618 468 1692 sint;
490 1623 522 1677 et
545 1634 602 1693 quo
626 1617 800 1678 recentiora
821 1624 961 1694 tempora
983 1636 1049 1680 eum
1063 1621 1237 1695 respexisse

164 1725 338 1802 statuimus,
363 1742 397 1786 eo
421 1725 518 1786 minus
540 1730 625 1786 reete
647 1724 705 1786 illa
727 1726 878 1787 dicuntur.
907 1726 1033 1801 Vegetii
1048 1730 1235 1802 temporibus

166 1849 203 1892 ea
225 1850 285 1894 non
306 1833 468 1894 conuenire
490 1833 561 1893 inde
584 1833 693 1909 elucet,
719 1834 797 1909 quod
818 1841 891 1896 tuno
924 1836 1076 1912 ‘plerique
1106 1836 1235 1896 Romani

166 1941 198 2000 ln
232 1941 355 2002 auxiliis
390 1941 580 2002 destinabant
615 1941 746 2003 militiae
769 1950 962 2005 sacramenta
991 1944 1165 2019 percipere?
1190 1943 1233 2025 (p.

167 2047 267 2132 36,6).
315 2048 391 2109 Eius
414 2049 517 2124 potius
539 2050 686 2125 temporis
708 2050 834 2113 ridetur
860 2041 935 2112 mihi
966 2051 1116 2127 adparere
1138 2049 1233 2109 uesti-

166 2157 259 2234 gium,
283 2157 323 2218 ad
346 2158 424 2232 quod
447 2174 541 2233 supra
563 2159 682 2234 equites
705 2159 893 2234 legionarios
916 2164 948 2219 et
971 2158 1085 2220 alarim
1112 2154 1232 2226 rettuli,

167 2282 346 2341 quamquam
368 2263 462 2325 etiam
484 2272 549 2326 tum
571 2267 675 2341 paullo
696 2267 760 2328 alis
783 2273 852 2327 erat
874 2284 935 2331 res.
967 2264 1039 2327 Cum
1063 2264 1142 2325 enim
1162 2270 1233 2324 ante

165 2372 278 2433 bellum
289 2373 524 2434 Hannibalioum
536 2375 691 2450 copiarum
698 2376 901 2437 Romanarum
913 2376 969 2437 duo
982 2374 1099 2436 fuerint
1109 2390 1232 2449 genera,

165 2480 305 2556 legiones
328 2488 361 2542 et
384 2481 469 2556 sooii,
492 2488 564 2557 post
585 2482 618 2542 ld
640 2484 753 2544 bellum
774 2484 839 2545 trie
861 2485 956 2560 inere,
989 2484 1125 2559 legiones
1157 2481 1233 2543 soeii

165 2589 293 2666 auxilia,
315 2589 400 2650 inter
424 2607 500 2666 quae
523 2591 641 2652 auxilia
664 2598 807 2653 aeonrate
830 2598 1029 2653 secernuntur
1045 2598 1078 2652 et
1089 2609 1231 2667 separan-

165 2701 217 2757 tur
250 2714 270 2757 a
304 2693 443 2780 eoeiis2).
490 2698 595 2772 Neque
628 2706 702 2761 tuno
734 2700 960 2775 praecipue
996 2701 1028 2760 in
1061 2700 1232 2776 legionibus

169 2804 381 2879 praepollebat
404 2805 541 2866 Romana
562 2805 839 2882 virtus-quoniam
860 2807 921 2867 nisi
944 2807 1158 2883 inlegionibus
1174 2825 1233 2868 uon

166 2912 344 2974 militabant
377 2913 507 2973 Romani
515 2909 554 2995 3).
599 2912 659 2973 Sed
689 2913 808 2974 leviora
838 2914 914 2975 haee
943 2921 1027 2991 puto,
1060 2932 1125 2975 enm
1149 2922 1233 2976 certo

169 3017 318 3094 vegetius
342 3036 418 3094 quae
441 3019 686 3080 transscribebat
708 3036 768 3080 non
783 3020 985 3082 intellexerit.
1016 3021 1064 3081 Ea
1086 3024 1113 3081 si
1133 3023 1234 3083 detra-

167 3129 262 3205 xeris,
283 3128 403 3204 reliqua
427 3135 498 3203 epte
521 3129 698 3188 referuntur
721 3128 760 3188 ed
782 3129 914 3188 alterum
926 3145 953 3189 a.
969 3127 1000 3189 O.
1020 3145 1049 3189 n.
1071 3131 1232 3208 saeculum,

165 3237 204 3296 ad
234 3235 360 3296 Catonis
395 3242 542 3311 tempora,
578 3242 611 3295 et
640 3236 775 3296 fortasse
805 3242 912 3297 nostro
947 3237 1100 3313 incapite
1134 3239 1232 3314 ipsum

164 3342 306 3404 habemus
331 3341 484 3405 Catonem.

254 3451 434 3514 Extremum
467 3448 580 3525 eapitis
615 3450 805 3511 enuntiatum
844 3451 904 3510 iem
936 3451 1125 3513 Schwebelio
1164 3463 1233 3514 erat

165 3560 333 3636 offensioni,
351 3560 422 3636 quia
437 3576 475 3618 ex
490 3575 592 3619 rerum
615 3559 817 3619 Romanorum
837 3559 1038 3634 scriptoribus
1056 3560 1133 3619 satis
1151 3571 1233 3622 esset

166 3667 357 3742 exploratum
391 3666 539 3729 seniorum
573 3666 709 3743 peditum
743 3683 897 3727 numerum
930 3683 1044 3744 parem,
1079 3667 1233 3728 interdum

165 3778 351 3851 superiorem
383 3776 479 3837 inisse
502 3775 657 3851 Romanis,
694 3774 828 3850 equitum
861 3791 934 3836 vero
964 3791 1118 3835 numerum
1141 3776 1231 3852 duplo

164 3884 215 3944 vel
250 3885 344 3945 etiam
377 3884 472 3959 triplo
507 3883 660 3944 maiorem.
717 3883 938 3958 Imperatorum
977 3901 1092 3958 quoquo
1127 3891 1231 3946 aetate

166 3991 282 4052 auxilia
304 4010 427 4054 numere
450 3993 516 4052 fere
539 3992 638 4068 paria,
663 3997 746 4051 uerte
769 4007 828 4051 non
850 3993 946 4052 multe
968 3992 1114 4066 peuoiora
1138 3992 1231 4056 luisse
1263 3996 1272 4033 -“

165 4101 309 4164 videntur
331 4102 502 4179 legionibus
510 4101 548 4186 ⁴).
596 4100 685 4164 ‘Nisi
722 4101 803 4162 forte
837 4100 962 4176 Vegetii
1000 4107 1105 4163 aetate
1138 4101 1231 4162 aliter

238 4301 258 4370 ¹)
279 4303 313 4355 oi.
331 4301 488 4369 ltsrquardt
504 4317 532 4368 p.
554 4286 613 4351 lle.
651 4295 721 4352 rell
737 4298 773 4362 11.
793 4300 852 4350 111.
891 4298 963 4350 Suet.
982 4300 1039 4350 Oet
1059 4299 1103 4351 49.

236 4392 311 4460 ’)ei.
329 4391 486 4459 Msrquardt
502 4387 600 4456 pest.
617 4387 695 4440 Vm.
712 4386 739 4440 d
758 4385 776 4440 l.
794 4386 828 4440 Ia.
843 4388 875 4448 V,
894 4387 937 4440 90.
955 4386 1030 4439 Paul.
1049 4387 1120 4439 Festi
1140 4403 1168 4454 p.
1187 4385 1229 4436 17·

237 4480 257 4549 ⁸)
277 4481 310 4535 oi.
329 4478 473 4532 Mommsen
489 4480 555 4530 riim.
574 4476 687 4528 suatur.
705 4473 752 4540 11¹,
774 4477 786 4526 l
808 4491 833 4543 p.
853 4477 905 4528 tob
924 4480 982 4528 not·
999 4477 1024 4529 2.

236 4569 259 4633 ⁴)
278 4570 312 4623 oi.
326 4566 485 4636 'Marqunrdt
501 4582 527 4634 p.
545 4566 607 4617 448.
633 4565 733 4631 bssleq.
