2686 5212
560 564 769 641 VITA.

610 740 717 755 ὴ

223 834 352 893 Ioannes
375 833 542 895 Guilelmus
565 836 711 897 Foerster
734 834 897 895 Rhenanus
923 835 1008 896 domo
1034 834 1200 895 Wermeis·

133 938 262 1005 kirchen
285 945 376 999 ualuas
400 956 464 999 sum
487 957 515 1005 a.
538 943 569 1002 h.
594 960 619 1002 s.
642 942 719 1001 LIII
742 959 770 1000 a.
795 941 823 1002 d.
841 941 917 1002 XIV
933 941 1004 1001 Kal.
1022 941 1094 1005 ldai.
1110 946 1201 1016 patre

135 1043 246 1105 Garolo
271 1053 370 1105 matre
393 1046 510 1106 Alvina
533 1067 549 1107 e
572 1055 664 1123 gente
681 1047 818 1123 Pfeiffer,
843 1064 916 1122 quos
940 1049 1025 1107 ambo
1050 1048 1146 1107 adhuc
1168 1046 1202 1106 iu

134 1151 216 1211 vivis
240 1169 306 1211 esse
332 1153 457 1226 gaudeo.
494 1153 582 1212 Fidei
605 1154 745 1213 addictus
768 1171 833 1213 sum
857 1152 1062 1227 evangelicae.
1097 1152 1197 1213 Litte-

133 1275 236 1317 rarum
259 1261 416 1320 elementis
440 1261 518 1320 domi
541 1262 673 1320 imbutus
696 1259 886 1335 gymnasium
909 1258 972 1318 adii
995 1258 1199 1320 Fridericium

135 1365 327 1426 Guilelmium
351 1367 539 1443 dolomense,
576 1367 654 1442 quod
685 1366 819 1440 Jaegero
851 1366 1003 1426 directore
1036 1367 1200 1427 etiamnum

135 1471 235 1532 floret.
283 1474 343 1533 Ubi
367 1491 431 1532 cum
452 1480 523 1547 post
546 1490 640 1533 annos
665 1479 810 1548 quattuor
834 1473 988 1532 semissem
1006 1473 1198 1534 maturitatis

135 1581 308 1640 testimonio
333 1581 465 1640 munitus
487 1599 593 1656 essem,
618 1581 787 1640 autumnali
812 1581 883 1639 annui
907 1582 1045 1641 LXXIII
1061 1588 1197 1657 tempore

135 1687 303 1745 studiorum
320 1703 411 1745 causa
430 1686 539 1746 Jenam
554 1705 600 1746 me
616 1688 731 1746 contuli
748 1688 836 1746 simul
852 1687 1007 1761 stipendia
1023 1689 1198 1747 meriturus·

134 1793 246 1852 Eodem
277 1792 465 1866 insequentis
498 1794 569 1853 anni
593 1801 728 1868 tempore
760 1795 897 1869 Lipsiam
926 1794 989 1854 adii
1019 1794 1121 1870 ibique
1145 1811 1200 1869 per

135 1918 243 1960 annum
274 1908 473 1961 commoratus
504 1903 582 1961 hanc
613 1903 722 1961 almam
750 1902 927 1963 litterarum
960 1903 1059 1962 sedem
1090 1900 1199 1977 petivi.

133 2009 308 2068 Docuernut
330 2027 375 2068 me
392 1987 587 2068 Gaedechens
610 2008 786 2085 Nipperdey
809 2011 866 2070 Ad.
884 2010 1021 2070 Schmidt
1039 2011 1198 2088 depensos,

135 2114 257 2175 Brauue
280 2116 458 2176 Brockhans
481 2115 607 2204 Curtius
631 2116 778 2177 Eckstein
801 2117 909 2177 Hirzel
931 2117 1055 2192 Lipsius
1077 2117 1200 2177 Bitschl

134 2224 228 2285 Stade
251 2226 383 2286 Wuttlm
407 2225 502 2285 Ziller
523 2226 709 2302 Lipsienses,
734 2227 840 2301 Bergk
862 2227 1003 2301 Bernays
1028 2227 1197 2286 Buecheler

135 2334 314 2394 Heimsoeth
336 2335 441 2409 Meyer
464 2335 684 2395 Reifferscheid
708 2336 851 2396 Schaeier
874 2337 991 2396 Usener
1010 2337 1197 2399 Beruenses.

64 2480 69 2485 -
134 2443 314 2503 Buecheleri
347 2452 379 2504 et
402 2445 530 2504 Useneri
553 2444 767 2504 benevolentia
798 2443 830 2503 in
861 2444 1055 2504 seminarium
1078 2444 1197 2519 regium

134 2552 351 2626 philologicum
374 2560 514 2627 receptus
540 2571 613 2628 sum,
638 2553 721 2612 cuius
745 2570 800 2627 per
823 2553 887 2613 tria
907 2552 1067 2612 semestris
1083 2552 1198 2613 sodalis

134 2661 179 2720 fui
202 2661 384 2737 ordinarius,
416 2680 470 2736 per
493 2679 582 2722 sunum
610 2663 721 2722 senior.
768 2662 1051 2723 Exercitationibus
1075 2663 1139 2722 suis
1161 2669 1197 2723 ut

134 2770 313 2830 interessem
349 2770 480 2843 benigue
523 2777 736 2830 concesserunt
781 2750 950 2830 Buecheler
988 2770 1196 2846 epigraphicis

134 2875 220 2936 Oscis
242 2879 404 2954 Umbriam,
420 2879 525 2952 Meyer
549 2877 748 2937 Aristoteleis
770 2877 996 2953 paedagogicis.
1030 2877 1200 2953 Bernaysii

135 2981 261 3056 denique
283 2984 475 3057 benignitate
491 2984 604 3044 factum
620 2990 668 3044 est
690 2990 725 3044 ut
751 2984 955 3045 bibliothecae
970 2986 1076 3061 regiae
1094 3002 1200 3046 munus

133 3090 283 3162 publicum
305 3090 379 3150 mihi
401 3094 608 3158 mandaretur.

223 3197 337 3268 Quibus
360 3199 438 3259 vlris
461 3200 596 3261 omuibus
613 3202 734 3276 gratias
758 3218 817 3274 ago
835 3216 909 3274 quas
926 3197 1017 3258 debeo
1034 3198 1198 3274 maximas;

134 3305 295 3379 praecipue
329 3322 402 3366 vero
436 3305 617 3366 Buecheleri
649 3312 681 3367 et
713 3307 842 3368 Useneri
874 3312 995 3383 gratam
1027 3307 1200 3368 memoriam
1277 3378 1280 3383 ⁴

133 3411 183 3486 pio
207 3430 324 3489 semper
346 3413 445 3476 animo
467 3413 610 3480 recolam.

513 3646 818 3659 m
