2686 5212
664 173 705 259 u

135 350 210 410 Tum
232 356 340 416 miscet
363 355 532 415 funditores
549 357 581 411 et
600 351 844 413 fundibulatores
861 351 885 435 ¹)
908 354 1066 415 scribendo
1084 355 1202 415 ‘fundi-

133 463 217 520 tores
240 462 292 536 qui
314 463 352 523 ad
373 436 557 523 fundas'vel
579 459 746 521 fustibalos
770 461 890 535 lapides
916 447 1099 526 iadiebant'.
1198 446 1204 468 ⁵

222 569 318 629 Recte
342 575 467 644 separat
501 567 674 626 funditores
709 573 741 626 et
765 548 950 643 sagittarios
981 570 1085 645 alevi
1108 587 1205 629 arma·

133 673 237 758 sura2)
259 678 301 754 Π,
329 678 367 737 15
392 677 434 760 (p.
453 677 506 751 rs,
532 673 758 757 7.10sq.)11‚
785 676 823 734 17
852 675 895 758 (p.
913 675 1046 758 cono).
1075 656 1206 738 melich

133 800 206 843 vero
245 785 326 844 inter
367 791 526 887 utrumque
560 783 657 842 looum
696 783 828 842 inseruit
860 784 1048 843 enuntiatum
1081 785 1136 867 (ΙΙ,
1165 787 1203 844 17

133 907 163 962 p.
189 891 295 974 49‚9),
320 894 352 952 in
368 911 424 967 quo
442 890 628 952 ferentarius
646 895 820 949 armaturas
839 892 1051 951 exculcatores
1076 893 1204 966 sagit·

134 998 272 1058 tarios
296 1001 529 1062 funditores
554 1000 674 1058 efficere
690 999 790 1058 levem
807 1004 994 1059 armaturam
1010 1001 1094 1061 dicit.
1127 1002 1206 1061 Item
1236 1004 1239 1011 “

133 1105 160 1180 Ι,
185 1107 226 1165 20
250 1106 293 1189 (p.
319 1106 437 1190 2222)
461 1108 503 1182 ΙΙ,
527 1109 546 1164 2
570 1104 614 1188 (p.
639 1103 756 1186 35‚10)
781 1105 951 1166 funditores
968 1112 999 1166 et
1016 1108 1205 1181 sagittarios

134 1219 169 1273 ut
191 1221 310 1287 partem
344 1216 423 1276 levis
447 1219 621 1274 armaturae
656 1219 880 1274 commemorat.
916 1213 959 1290 II,
986 1215 1024 1274 16
1050 1216 1092 1299 (p.
1108 1214 1206 1299 49,2)

133 1324 351 1399 antesignanos
375 1330 406 1383 et
429 1323 594 1397 signiferos
616 1301 672 1396 pro
700 1322 820 1382 eisdem
843 1322 966 1383 videtur
988 1313 1139 1384 habuisse.

225 1430 297 1491 (lum
326 1450 419 1508 supra
447 1433 522 1491 haec
553 1431 657 1505 capita
692 1449 849 1491 asumma
874 1437 905 1490 et
926 1431 1001 1490 libri
1022 1433 1151 1495 alterius
1175 1439 1207 1492 et

135 1537 224 1597 huius
247 1536 347 1613 partis
371 1542 410 1625 (e.
436 1539 560 1623 4-18)
597 1538 725 1599 consilio
750 1540 893 1598 recedere
923 1539 1205 1617 demonstraverim,

135 1663 213 1706 nunc
243 1651 373 1711 conabor
396 1649 556 1709 ostendere
586 1665 624 1707 ne
646 1646 729 1707 inter
756 1665 788 1706 se
815 1648 933 1721 quidem
956 1649 1145 1722 argumentis
1170 1668 1207 1710 ea

136 1769 203 1813 esse
226 1756 381 1816 concinna.
418 1755 577 1826 ‘Qualiter
601 1755 789 1813 instruenda
812 1754 854 1813 sit
867 1754 966 1814 acies’
996 1753 1207 1815 declaraturus

137 1867 186 1920 est
209 1863 352 1939 scriptor.
399 1863 484 1934 Quod
507 1863 623 1938 primae
649 1863 727 1922 aciei
744 1881 828 1922 arma
845 1863 1058 1923 describuntur
1074 1865 1209 1923 fortasse

137 1975 242 2043 potest
266 1970 405 2046 tolerari,
435 1970 505 2045 qnia
529 1987 587 2044 qua
614 1971 650 2028 de
671 1988 763 2029 causa
786 1972 893 2045 gravis
917 1978 1028 2032 vocata
1051 1972 1148 2031 fuerit
1171 1989 1208 2031 ea

138 2082 296 2137 armatura
332 2079 572 2138 demonstratum
603 2078 640 2138 it.
689 2078 748 2138 Sed
780 2079 916 2140 deflectit
952 2099 970 2140 a
1004 2086 1089 2140 recto
1119 2096 1209 2140 cursu

138 2186 238 2246 oratio
270 2188 429 2248 enuntiato
466 2187 543 2261 quod
578 2187 737 2261 sequitur:
776 2187 891 2260 ‘prima
924 2186 1005 2246 acies
1027 2187 1206 2263 principum,

139 2295 269 2355 secunda
307 2297 500 2356 hastatorum
535 2297 667 2359 armis
710 2296 872 2356 talibus
921 2297 1100 2356 docetur
1145 2298 1207 2356 in-

140 2393 383 2464 structa...
439 2402 574 2464 Secunda
616 2403 697 2463 acies
744 2404 887 2463 similiter
933 2405 1208 2480 armabaturst

141 2511 301 2573 Armorum
323 2529 383 2573 non
406 2511 483 2572 aciei
507 2530 543 2571 ea
566 2517 614 2571 est
638 2510 813 2585 descriptio.
861 2512 978 2571 Rursus
1008 2529 1141 2572 eversu
1168 2512 1208 2573 10

142 2619 186 2700 (p.
209 2617 265 2701 48)
299 2636 394 2693 neque
418 2618 498 2678 acies
530 2635 625 2691 neque
648 2635 734 2676 arma
758 2617 985 2693 describuntur,
1018 2619 1072 2678 sed
1094 2618 1209 2679 milites

142 2725 194 2800 qui
228 2726 345 2785 fuerint
379 2727 525 2786 docetur:
563 2732 708 2786 ‘erant
732 2725 806 2784 item
830 2726 1042 2800 sagittarii..
1076 2734 1210 2787 erant

143 2830 313 2890 funditores
349 2830 476 2904 qui...
514 2836 651 2890 erant
681 2831 847 2905 tragularii
884 2832 984 2906 qui..
1005 2837 1032 2893 .'
1080 2833 1113 2893 si
1143 2833 1210 2907 quis

144 2946 291 3000 commata
310 2958 346 3000 ea
369 2942 434 2999 sola
456 2940 579 3015 legerit,
606 2941 779 3014 suspicetur
804 2958 928 3000 necesse
952 2948 1060 3001 estex
1079 2943 1212 3001 militurn

144 3046 243 3106 indice
274 3046 375 3121 aliquo
400 3065 436 3106 ea
460 3065 526 3107 esse
549 3047 716 3123 desumpta,
747 3064 807 3107 non
830 3065 871 3108 ex
891 3048 969 3107 aciei
993 3049 1208 3122 descriptione.

145 3157 224 3235 Nam
245 3157 297 3216 ubi
309 3157 459 3217 conlocati
482 3158 598 3217 fuerint
621 3158 670 3217 illi
694 3175 731 3216 ne
754 3160 849 3218 verbo
867 3159 985 3232 quidem
1002 3159 1209 3219 adumbratur.

147 3265 224 3324 Tum
246 3266 378 3325 secunda
400 3265 481 3325 acies
506 3283 580 3339 quas
603 3265 746 3324 habuerit
771 3266 912 3325 cohortes
935 3271 1102 3340 narratur;
1125 3271 1212 3338 ‘post

147 3388 247 3431 omues
259 3356 262 3361 ¹
272 3377 372 3432 autem
391 3372 472 3432 acies
488 3372 593 3432 triarii
608 3372 790 3431 locabantur
801 3372 819 3432 ’.
861 3371 957 3431 ‘Post
972 3372 1087 3431 omnes’
1112 3372 1215 3446 inquit

150 3479 286 3555 ‘acies’;
323 3497 427 3554 nempe
460 3479 536 3539 duae
570 3484 651 3554 sunt,
688 3485 772 3540 certe
807 3479 955 3539 secundae
989 3478 1067 3539 aciei
1099 3479 1212 3539 mentio

149 3588 256 3648 statim
289 3587 455 3662 praecedit.
501 3587 644 3647 Adicitur
676 3588 770 3647 etiam
793 3587 842 3647 cui
865 3587 934 3647 usui
956 3587 1072 3647 fuerint
1095 3585 1211 3663 triarii,

107 3764 110 3769 ¹
149 3711 205 3769 per
227 3711 260 3754 se
284 3694 401 3769 quidem
423 3711 483 3754 non
505 3694 760 3770 inepta—,Tria
784 3699 965 3769 argumenta
980 3711 1074 3768 eaque
1090 3693 1214 3753 diversa

151 3800 328 3878 deteximus,
363 3801 481 3861 aceedit
516 3794 656 3877 quartum
688 3801 825 3875 quintum
860 3805 979 3860 sextum
1002 3799 1097 3860 siris
1120 3798 1213 3859 etiam

241 3974 262 4042 ¹)
281 3977 315 4030 ef.
334 3978 383 4042 111,
406 3979 440 4029 14
460 3979 497 4045 (p.
519 3978 673 4045 98‚1sqq.).

240 4062 261 4132 ²)
278 4068 313 4120 ci.
335 4067 431 4120 Goeler
449 4067 474 4119 d.
493 4068 605 4133 Kimpfe
630 4067 673 4120 bei
690 4066 889 4134 Dyrrhachium
913 4072 964 4125 eto.
993 4084 1019 4135 p.
1040 4067 1101 4122 105.
1137 4068 1213 4122 Ores.

152 4157 177 4208 b.
196 4157 247 4208 eir.
260 4157 309 4222 111,
328 4158 371 4239 62.
407 4155 516 4225 Joseph.
535 4153 597 4208 boll.
616 4155 679 4208 Jud.
697 4157 747 4222 111,
765 4158 789 4221 6,
800 4158 825 4207 2.
