2686 5212
625 202 665 262 35

196 383 332 459 Primum
354 384 513 464 uideamus.
533 379 575 457 de
593 379 695 453 eapite
711 375 778 465 71).
812 379 967 461 ‘Antiqua
982 377 1174 441 ordinatione

103 467 239 569 legionis
262 476 419 570 exposita’
442 477 544 569 inquit
566 484 715 564 vegetius
738 488 976 564 ‘principiorum
995 487 1116 563 nomina
1139 504 1175 548 ae

107 599 280 678 dignitates
318 603 480 665 emendum
511 604 754 681 praesentes
791 597 971 659 matriculas
1004 596 1144 669 indicabo
1155 598 1174 658 ’.

107 706 305 771 ‘Praesentes
328 707 521 772 matriculas’
546 723 598 768 eas
621 704 847 780 intellegendas
874 723 941 767 esse
964 723 1089 780 quorum
1104 712 1177 767 tuuc

106 833 181 878 usus
204 822 274 879 erat
295 815 366 878 inde
388 816 532 892 eflicitur,
557 813 639 896 quod·
657 818 849 889 opponuntur
872 813 1016 889 antiquae
1044 813 1177 889 legionis

107 924 309 990 ordinationi.
355 923 414 998 Sed
447 924 480 985 in
510 922 575 983 illis
607 909 685 982 nihil
717 921 778 982 nisi
808 921 930 982 nomina
964 923 1178 998 principalium

109 1033 286 1110 exstabant,
304 1029 384 1093 unde
399 1048 438 1103 ea
451 1031 601 1094 haberent
618 1028 740 1093 aliunde
755 1030 919 1106 Vegetinm
935 1043 1041 1109 petere
1055 1050 1178 1095 necesse

110 1145 192 1202 erat.

86 1318 89 1324 Ι
200 1244 288 1307 Inter
317 1245 432 1305 milites
453 1242 641 1320 principales
675 1244 805 1319 primum
827 1242 930 1303 adfert
953 1229 1104 1322 tribunos,
1130 1244 1180 1320 qui

109 1350 189 1413 unde
208 1368 317 1413 nomen
340 1350 497 1412 traxerint
520 1358 605 1412 recte
629 1347 815 1434 explicat2);
852 1351 888 1410 de
911 1350 1039 1426 reliquis
1064 1352 1179 1417 dubito.

49 1441 52 1444 ⁴
110 1459 149 1521 Id
180 1460 279 1535 ipsum
310 1459 389 1534 quod
423 1459 540 1520 tribuni
572 1458 655 1519 inter
683 1459 798 1520 milites
834 1460 971 1534 quamvis
995 1460 1181 1536 principales

111 1571 310 1628 recensentur
332 1566 531 1627 falsissimum
553 1573 611 1627 est.
658 1566 736 1627 Nam
759 1572 794 1627 ut
817 1572 935 1627 taceam
956 1563 1182 1649 Ammiannmi)

113 1680 147 1736 et
167 1692 257 1736 sanos
280 1692 382 1735 rerum
406 1674 584 1751 scriptores,
608 1690 645 1735 ne
667 1675 818 1750 Vegetins
842 1674 961 1751 quidem
984 1675 1060 1736 alibi
1083 1676 1181 1736 tribu-

116 1799 173 1844 nos
196 1798 257 1854 non
291 1781 425 1860 secernit
455 1781 717 1857 aprineipalibus
747 1781 818 1859 1‚13
850 1782 893 1868 (p.
921 1765 1116 1866 16‚15)'11,
1144 1783 1183 1844 19

114 1890 158 1976 (p.
184 1889 280 1974 529)
327 1892 386 1970 III,
423 1894 442 1953 2
477 1892 521 1975 (p.
547 1893 598 1966 67,
617 1891 651 1974 9)
686 1892 746 1968 ΠΙ,
783 1892 1011 1976 4(p.70‚11.
1054 1891 1182 1975 71‚10).

114 1996 301 2075 Quamquam
323 1999 422 2074 igitur
446 2004 643 2074 ‘praesentes
659 1998 853 2060 matriculas’
877 2000 989 2076 edient,
1015 2000 1103 2060 fidem
1120 2000 1185 2060 eins

113 2123 153 2168 ue
175 2107 234 2173 hac
255 2105 375 2182 quidem
397 2107 430 2167 in
448 2124 482 2167 re
498 2123 732 2182 praesumemus.
780 2106 905 2168 Scilicet
926 2108 1033 2185 primo,
1058 2108 1089 2167 id
1107 2108 1186 2182 quod

114 2212 208 2274 etiem
239 2213 345 2290 Lydus
375 2215 487 2291 probat
516 2215 567 2298 (de
598 2231 677 2290 mag.
709 2230 738 2289 p.
762 2213 800 2274 R.
824 2214 852 2291 Ι,
870 2212 937 2296 46),
969 2231 1030 2274 non
1052 2215 1186 2275 solorum

113 2321 330 2397 principalium
359 2311 521 2398 catalogus
555 2328 634 2384 erat.
681 2306 758 2381 Tum
792 2322 866 2383 dues
897 2322 1088 2382 tribunorum
1118 2324 1186 2383 volt

114 2445 182 2490 esse
213 2411 337 2507 gratim,
373 2429 560 2510 superiorem
589 2446 692 2491 eorum
722 2428 773 2503 qui
796 2446 851 2504 per
881 2429 1044 2504 epistulam
1068 2447 1186 2489 sacram

113 2534 312 2610 imperatoris
334 2536 578 2613 destinabantur,
592 2535 779 2597 *inferiorem
814 2552 916 2597 eorum
939 2535 991 2611 qui
1015 2553 1053 2595 ex
1080 2537 1186 2596 labore

114 2645 345 2721 perveniebant.
375 2645 451 2708 uuit
474 2645 593 2723 quidem
615 2644 648 2705 id
671 2643 833 2705 discrimen
856 2643 983 2720 Vegetii
1005 2640 1184 2728 tempora),

207 2904 228 2972 ¹)
246 2906 363 2959 Dirksen
381 2906 428 2958 der
445 2905 596 2974 Rechtsgel.
613 2924 639 2959 u.
650 2907 780 2959 Taktiker
789 2906 919 2958 Paternus
938 2904 1055 2971 (hinterl.
1068 2905 1186 2958 Schrftn.

118 2994 161 3050 ed.
179 2996 260 3048 Senio
278 2995 318 3060 ΙΙ)
338 3013 366 3065 p.
384 2996 437 3047 428
457 3012 517 3049 eum
536 2995 570 3048 ad
589 2997 777 3048 Tarrutenium
801 2997 946 3047 Paternum
973 3001 1073 3047 statuat
1099 2996 1186 3047 redire

116 3085 184 3152 Veg.
208 3085 244 3149 11,
273 3086 369 3150 7-12,
393 3084 506 3137 indicem
531 3099 590 3151 cap.
617 3087 631 3135 7
664 3086 698 3136 ad
717 3084 924 3152 iureconsultum
948 3085 1053 3136 videtur
1078 3086 1186 3137 referre.

117 3174 172 3229 eoo
198 3174 290 3227 dubito
320 3176 345 3228 ei
373 3175 528 3244 adstipulari
555 3180 663 3242 propter
689 3174 785 3227 indicis
805 3180 937 3226 naturam.
985 3174 1108 3226 Ceterum
1133 3188 1188 3226 non

116 3265 198 3336 plane
213 3265 340 3333 intellego
358 3267 443 3318 virum
462 3266 582 3330 doctnm3
612 3265 683 3332 Lydi
701 3266 771 3318 enim
788 3265 941 3332 catalogum
960 3265 1004 3330 (de
1020 3279 1088 3330 mag.
1107 3281 1133 3331 p.
1153 3265 1186 3316 R.

116 3356 196 3420 Ltt)
214 3361 296 3422 negat
314 3356 449 3408 ePsterni
467 3354 543 3407 libris
560 3369 680 3408 manasse
699 3354 736 3422 (p.
749 3356 821 3419 410),
838 3371 899 3408 curn
911 3355 1018 3406 minime
1030 3356 1065 3406 sit
1078 3354 1188 3406 dubium

116 3444 184 3511 quin
200 3451 311 3513 uterque
328 3445 408 3497 index
427 3444 461 3497 ad
479 3444 593 3498 eundum
611 3445 705 3497 redeat
725 3449 868 3498 auctorem.
904 3446 947 3498 Ex
964 3445 1072 3512 reliquis
1092 3446 1187 3513 capiti·

116 3532 169 3585 bus
191 3539 302 3601 possunt
328 3548 393 3585 sane
417 3533 546 3586 nonnulla
571 3549 628 3586 esse
652 3533 769 3599 Paterni,
794 3532 841 3587 sed
859 3548 928 3600 quae
957 3537 1050 3586 auctos
1068 3535 1113 3586 vix
1130 3535 1188 3602 ipse

118 3623 275 3690 cogniturus
292 3622 389 3674 nedum
407 3624 544 3690 agniturus
564 3623 606 3674 sit

212 3711 289 3780 ¹)ci.
308 3712 386 3764 Varr.
406 3713 432 3765 d.
449 3711 469 3767 l.
487 3713 519 3766 L.
538 3712 571 3778 V,
590 3713 633 3766 81.

97 3849 100 3853 .
209 3799 231 3867 ⁸)
250 3803 335 3868 XXV,
353 3804 421 3864 8‚16
442 3801 517 3855 ‘cum
536 3802 649 3855 tribunis
667 3803 857 3871 principiisque
875 3800 1012 3853 militum’.
1040 3800 1125 3860 XXII,
1138 3800 1188 3865 aa

119 3893 263 3962 principiis
283 3897 310 3943 et
327 3892 441 3944 tribunis
447 3891 462 3944 ’.
488 3893 521 3944 In
538 3891 623 3945 titulis
643 3896 722 3945 etiam
735 3893 857 3960 optiones
873 3892 1050 3958 seiunguntur
1061 3905 1079 3942 a
1090 3891 1188 3957 princi·

118 3981 237 4050 politum
267 3983 365 4034 Rasin
385 3984 445 4033 131.
472 3983 549 4034 1407.

209 4069 231 4142 ⁴)
250 4071 280 4124 (i.
298 4072 348 4125 nn.
369 4072 430 4132 Vll,
451 4072 537 4134 aaut
554 4085 579 4121 s.
602 4070 664 4122 407.
700 4070 735 4123 ci.
754 4069 837 4124 Orelli
857 4069 925 4123 ³161
945 4070 1022 4138 (circ.
1041 4084 1067 4145 ι.
1087 4070 1140 4120 400
1160 4086 1187 4137 p.

97 4151 100 4157 '
120 4150 209 4227 eze.)
229 4163 303 4232 ‘poss
317 4163 393 4239 suges
410 4147 662 4237 execramentum
679 4160 787 4213 maeno
803 4154 937 4217 musano
1072 4220 1094 4225 ,ἱ
1120 4220 1130 4227 υ
