2686 5212
567 202 689 269 '37

133 395 219 455 Nam¹
235 381 303 453 non
317 383 364 453 ita
379 392 518 467 procudit
534 393 644 467 oratio,
670 397 704 452 ut
728 394 765 450 ab
787 390 897 449 infimis
922 389 1077 448 ordinibus
1102 398 1202 449 trans-

133 506 225 561 eatur
257 502 295 560 ad
325 492 449 577 primos,
485 501 538 560 sed
567 500 614 559 ita
637 505 673 560 ut
697 499 783 574 prius
806 497 914 581 Pisoni
937 498 1098 573 obiciatur,
1125 497 1204 572 quod

113 608 367 693 ¹centurionatus
391 611 493 683 palam
514 608 679 684 venierint,
703 619 765 668 tum
788 610 865 681 qnod
888 623 943 694 per
967 606 1031 666 eius
1052 605 1204 666 servolum

135 704 295 793 adsignati
327 719 399 793 sint,
436 734 501 775 cnm
534 716 573 775 ad
594 716 810 790 imperatorem
844 732 881 774 ca
911 731 961 773 res
985 714 1156 789 pertineret
1166 709 1203 796 1).
1242 754 1245 757 -

135 826 174 886 In
198 812 298 885 omues
321 825 433 899 potius·
448 823 641 883 centuriones
665 822 712 882 ita
734 823 818 882 cadit
841 821 979 883 ordinum
1007 820 1205 898 significatio,

134 939 173 995 ut
188 942 291 1021 omnes
311 922 443 994 uocandi
465 931 582 1012 fuerint
599 916 764 992 ordinarii.

208 1020 426 1103 ‘'Rauolvimur
457 1040 561 1114 igitur·
590 1040 629 1099 ad
649 1022 854 1114 scriptorem.
912 1035 985 1097 Cum
1018 1037 1206 1113 Augustales

138 1141 226 1208 dicat
248 1126 289 1208 ab⁴
308 1128 448 1222 Augusto
473 1146 637 1208 ordinariis
661 1147 781 1207 iunctos
805 1163 882 1222 esse,
905 1146 1045 1220 sequitur
1067 1151 1102 1204 nt
1126 1145 1206 1205 ordi·

137 1237 245 1316 marios
267 1261 389 1315 statuat
412 1254 507 1314 fuisse
531 1255 666 1328 Augusti
688 1259 803 1314 aetate.
840 1253 916 1312 Tum
938 1270 1012 1313 vero
1036 1234 1225 1312 certissime

140 1363 292 1423 ordinarii
313 1380 373 1422 non
395 1364 520 1422 fuerunt
542 1362 659 1436 primae
682 1361 817 1420 cohortis
841 1359 1044 1420 centuriones.
1083 1359 1163 1419 Nam
1181 1359 1208 1419 si

139 1469 297 1545 fuissent,
318 1485 416 1529 nonne
440 1468 506 1529 iure
528 1469 709 1527 miraremur
744 1467 823 1542 apud
847 1466 998 1543 Tacitum,
1024 1466 1075 1540 qui
1097 1467 1207 1541 primo·

140 1594 209 1637 rum
249 1576 387 1636 ordinum
420 1593 512 1650 saepe
545 1577 639 1635 habet
664 1575 863 1653 mentionem,
898 1591 1044 1649 nusquam
1079 1574 1212 1648 reperiri

142 1664 338 1743 ordinarios?
362 1685 476 1745 Verum
497 1683 601 1743 multo
614 1682 730 1742 firmius
751 1667 826 1741 mibi
851 1691 899 1741 est
919 1687 1130 1756 argumentum
1154 1698 1212 1756 quo

141 1798 177 1852 nt
199 1809 259 1851 non
282 1792 377 1875 solum
391 1793 505 1867 primos
526 1780 647 1852 ordines
664 1791 718 1851 sed
732 1808 770 1850 ne
786 1792 866 1850 ullos
883 1791 1002 1864 quidem
1018 1791 1211 1851 centuriones

142 1901 326 1975 simpliciter
341 1908 467 1962 vocatos
484 1919 550 1960 esse
566 1899 737 1960 ordinarios
754 1899 801 1958 ita
817 1898 988 1958 ordinarios
1010 1898 1212 1957 demonstrem
1242 1888 1245 1893 ’

141 2008 240 2068 fuisse
273 2008 387 2067 milites
422 2009 574 2083 gregales.
622 2007 758 2067 Isidorus
790 2007 869 2066 enim
891 2007 966 2066 haec
994 2007 1094 2066 tradit
1118 2007 1210 2090 (orig.

141 2118 202 2191 IX,
220 2115 335 2199 3,33)':
362 2116 552 2177 ‘ordinarius
570 2117 685 2190 estqui
708 2133 763 2191 per
786 2116 922 2175 ordinem
944 2116 1061 2175 militat
1084 2134 1139 2176 nec
1161 2116 1211 2175 ad-

142 2225 204 2285 huc
238 2226 368 2300 aliquem
402 2233 580 2285 consecutus
627 2230 675 2284 est
711 2224 838 2299 gradum
883 2224 1036 2284 honoris’.
1102 2225 1214 2285 Potest

142 2331 264 2406 quidem
286 2331 422 2391 dubitari
446 2332 494 2392 cui
517 2332 647 2405 tempori
670 2332 831 2391 conveniat
863 2349 898 2390 ea
922 2331 1097 2404 explicatio.
1154 2331 1214 2392 Sed

142 2439 221 2499 licet
244 2439 283 2498 ad
302 2439 439 2512 quamvis
455 2440 589 2498 anticum
604 2440 765 2499 referenda
781 2435 870 2521 sit2),
888 2440 1037 2513 Vopiscus
1053 2441 1085 2499 in
1098 2440 1214 2500 Bonosi

140 2545 215 2607 vita
236 2562 361 2619 prorsus
386 2546 488 2605 eodem
521 2543 611 2606 sensu
630 2546 780 2607 ordinarii
802 2565 906 2607 vocem
929 2547 1053 2606 adhibet
1086 2547 1213 2632 (14,a):

144 2651 313 2712 ‘militavit
340 2649 469 2726 primum
499 2653 581 2713 inter
613 2655 794 2731 ordinariae,
831 2655 938 2714 deinde
970 2656 1052 2714 inter
1086 2656 1214 2730 equites,

143 2762 236 2822 duxit
270 2761 408 2839 ordines,
437 2764 612 2823 tribunatus
635 2761 739 2838 egit&
787 2754 895 2838 Itaque
919 2781 985 2824 cum
1009 2765 1104 2824 etiam
1125 2765 1215 2826 initio

145 2863 254 2944 quarti
285 2886 315 2944 p.
340 2868 371 2930 0.
395 2865 426 2929 n.
463 2869 577 2930 saeculi
601 2871 774 2930 ordinarius
809 2872 855 2930 sit
880 2869 971 2945 pedes
1004 2873 1167 2947 gregarius
1178 2869 1215 2956 ³),

144 2976 298 3053 vegetius
321 2978 402 3038 falsa
424 2976 554 3055 profert,
580 2973 719 3054 quoniam
735 2973 969 3053 explicationem
984 2975 1023 3039 'ex
1044 2980 1218 3055 antiquiore

144 3087 255 3147 hausit
276 3088 437 3160 scriptore.
638 3148 640 3152 ,
803 3081 804 3084 ’
977 3103 979 3107 ’

240 3194 349 3267 Quarti
372 3184 486 3255 saeculi
504 3196 540 3254 in
562 3195 666 3255 titulis
690 3195 825 3256 occurrit
851 3190 1025 3257 ordinarius
1047 3216 1108 3259 non
1130 3214 1217 3276 unns,

146 3301 239 3361 vene
265 3285 309 3362 aa
332 3303 623 3380 Bas-Wandington
644 3306 704 3383 ιιι,
734 3306 820 3366 ausa
848 3302 992 3386 cassata
1007 3306 1040 3381 ἔξ
1056 3304 1217 3393 carosam

146 3410 194 3494 (a.
220 3407 315 3492 350);
349 3411 422 3470 ibid.
448 3412 580 3471 adiri<
606 3413 664 3474 Φλ.
700 3411 846 3493 Μάξιμος
862 3410 1037 3496 ω’ρδινάριος
1058 3414 1102 3498 (a.
1120 3413 1217 3496 356),

149 3518 251 3580 Orelli
285 3520 369 3579 3391
407 3521 529 3581 ‘Florio
563 3521 715 3582 Baudicni
752 3521 820 3583 viro
852 3521 1013 3583 ducenario
1048 3521 1219 3596 protectori

169 3663 367 3672 ..um-..—

245 3748 265 3816 ¹)
284 3751 473 3803 cenomanen
485 3754 549 3804 rdm.
562 3753 674 3806 Staatsr.
693 3751 719 3803 1·
729 3771 755 3822 p.
771 3754 822 3804 118
841 3754 907 3820 (not.
917 3755 945 3818 8)
963 3749 1037 3823 11⁸‚1
1057 3771 1084 3822 p.
1095 3755 1137 3807 92.
1157 3755 1219 3806 tol.

243 3838 318 3907 'let
337 3842 404 3893 Fest
424 3859 450 3910 p.
472 3841 522 3893 185
548 3834 668 3910 (catonis
691 3859 760 3912 qnae
787 3849 891 3896 emtant
916 3846 958 3896 ed.
985 3843 1088 3896 Jordan
1116 3861 1143 3911 p.
1163 3843 1220 3909 43).

150 3932 234 3996 ‘Quid
255 3933 320 3983 mihi
337 3931 420 3991 ficret,
439 3934 461 3984 si
477 3949 530 3985 non
558 3948 608 4000 ego
626 3934 758 4001 stipendia
777 3931 815 4002 [in
832 3932 934 4004 ordine]
964 3936 1051 3986 omnia
1071 3935 1220 3986 ordinarius

149 4022 306 4075 meruissem
328 4023 458 4088 sempera·
980 4083 982 4087 ¹

245 4106 269 4174 ⁸)
290 4111 423 4179 Numquid
450 4114 508 4164 eius
531 4112 728 4179 smnifieationis
756 4116 821 4181 Vag.
841 4114 876 4174 11.
908 4115 942 4165 lt
971 4117 1008 4182 (p.
1028 4116 1073 4173 tr,
1084 4117 1126 4178 14)
1154 4114 1220 4166 latet

150 4203 314 4268 vestigium?
