2686 5212
659 218 700 281 55

133 400 253 463 iudicio
288 400 381 461 focile
412 400 481 460 fieri
512 406 547 459 ut
571 400 761 460 scriberetur
790 400 878 460 uelut
913 399 1072 459 ‘hastatus
1095 400 1210 475 primus

134 504 337 591 legioms’1),
352 508 414 568 nisi
430 508 496 567 iere
512 507 591 567 nihil
605 508 770 585 intererat,
785 514 889 568 utrum
899 508 986 584 prior
1002 524 1042 568 sn
1055 509 1210 583 posterior

135 616 392 695 intellegeretur.
440 614 526 687 Quod
550 615 578 675 si
600 622 686 677 recte
709 622 825 694 statuo,
846 634 885 677 vee
908 624 978 678 eret
1001 617 1212 678 centurionum

40 803 45 813 Ι
136 723 176 783 in
196 723 373 785 cohortibus
396 722 558 800 prometto,
582 730 618 785 ut
632 727 777 786 hastatus
792 726 948 802 posterior
962 726 1051 787 fleret
1066 728 1212 787 bestetus

137 829 238 907 prior,
263 837 329 891 tom
344 830 486 907 deinceps
503 832 646 908 princeps
662 833 827 911 posterior,
850 834 994 910 princeps
1009 832 1106 911 prior,
1130 833 1212 911 pilus

137 938 304 1016 posterior,
326 940 408 1015 pilus
431 941 518 1020 prior
527 937 567 1024 2).

231 1080 334 1142 Redeo
361 1084 399 1142 cd
421 1083 586 1158 Vegetium
609 1083 805 1160 quaesiturus
836 1100 905 1146 num
928 1084 1031 1161 opinio
1055 1085 1120 1145 eius
1142 1101 1211 1147 con-

139 1195 236 1263 gruet
263 1207 330 1251 cum
361 1190 405 1251 eis
438 1209 515 1267 quae
546 1210 641 1268 supra
664 1194 826 1256 effecimus.
874 1192 1011 1253 Primum
1034 1193 1113 1268 quod
1137 1193 1214 1254 dicit

85 1361 88 1364 ,
141 1296 296 1371 exprimo
320 1298 459 1374 principe
481 1300 655 1373 promoveri
672 1302 880 1362 centurionem
902 1300 994 1377 primi
1009 1300 1067 1377 pili
1091 1299 1148 1385 (Π,
1165 1299 1211 1383 8),

141 1411 228 1465 recte
262 1406 347 1472 dicit.
393 1408 539 1468 Pluribus
571 1409 607 1468 de
638 1409 830 1484 promotione
866 1407 993 1469 disserit
1014 1408 1069 1468 lib.
1093 1407 1137 1484 II,
1159 1406 1213 1483 21,

143 1513 198 1573 sed
218 1516 320 1589 paullo
343 1517 510 1595 obscurius,
539 1535 606 1578 cum
628 1518 661 1578 in
684 1524 845 1595 utramque
875 1524 995 1595 partem
1028 1516 1093 1576 eius
1116 1517 1213 1579 verbe.

142 1622 300 1682 traxerint
330 1624 393 1685 viri
425 1625 517 1687 docti.
563 1627 675 1687 Errori
707 1627 768 1687 fuit
799 1627 854 1704 eis,
888 1627 968 1703 quod
989 1625 1154 1700 Vegetium
1177 1624 1214 1685 de

144 1730 354 1790 centurionum
387 1733 577 1807 promotione
611 1752 705 1809 egere
733 1737 894 1811 putabunt,
931 1751 997 1794 cum
1024 1733 1061 1792 de
1082 1732 1213 1794 omnium

143 1836 274 1897 militnm
296 1840 486 1913 promotione
509 1844 606 1902 verbe
622 1840 774 1926 iaciet³);
799 1844 887 1919 qussi
910 1861 984 1903 vero
1009 1841 1067 1901 ‘ed
1086 1842 1215 1916 gradum

146 1948 373 2023 quempiam
405 1952 594 2026 promoveri¹
633 1952 714 2012 idem
747 1953 843 2013 inerit
877 1954 955 2030 quod
990 1952 1215 2013 ‘centurionem

146 2053 283 2141 fieri’4).

234 2204 369 2266 Militum
383 2222 457 2267 vero
474 2205 628 2281 promotio
645 2223 721 2282 quae
738 2205 834 2266 fuerit
849 2211 934 2265 recte
950 2204 1076 2266 videtur
1090 2203 1215 2265 tradere

146 2309 305 2389 vegetius,
323 2315 421 2390 quood
432 2315 551 2390 quidem
566 2333 604 2375 ex
621 2315 735 2376 duobus
750 2314 880 2389 vigilum
895 2312 1057 2373 laterculis
1073 2311 1120 2397 (O.
1133 2312 1160 2373 I.
1177 2312 1215 2376 L.

145 2415 201 2494 VI,
227 2419 322 2485 1057.
349 2420 472 2503 1050),
509 2440 633 2498 quorum
669 2423 801 2482 alterum
834 2420 966 2496 quinque
989 2424 1060 2495 post
1083 2420 1216 2479 alterum

146 2526 234 2587 annis
249 2527 434 2605 insculptum
450 2530 682 2608 dedicatumque
698 2536 757 2607 est,
781 2529 926 2590 iudicium
940 2545 1063 2606 possum
1078 2528 1214 2604 adsequi.

238 2784 259 2853 ¹)
279 2788 356 2840 Caes.
376 2788 406 2840 Β.
426 2788 550 2849 c.1,4c.
571 2787 600 2840 (1.
618 2789 640 2840 I.
660 2786 692 2838 Ia.
710 2787 760 2846 111,
780 2787 858 2838 2836.
877 2785 957 2838 3846.
974 2785 1010 2845 11,
1030 2784 1109 2835 1681.

236 2893 261 2959 Ι)
281 2896 342 2947 Hoc
360 2912 393 2948 ex
409 2898 520 2964 antique
537 2895 636 2948 militis
653 2895 777 2947 obtinuit.
815 2895 854 2947 Ut
873 2895 943 2945 enim
960 2894 1001 2944 rei
1019 2891 1142 2960 publicae
1159 2891 1216 2943 bini

144 2999 247 3052 semper
274 2991 402 3051 praesunt
428 2986 557 3051 consules,
587 2988 625 3037 sic
654 2982 784 3051 manipuli
800 2983 876 3034 binos
903 2982 1003 3034 hebent
1030 2987 1146 3034 rectores
1170 2977 1215 3048 (ci.

146 3073 291 3126 Mommsen
317 3076 383 3127 riim.
408 3073 517 3127 Steatsr.
543 3072 574 3126 1²
598 3092 624 3142 p.
644 3074 700 3139 46),
727 3088 840 3140 quorum
871 3074 1010 3140 utriusque
1036 3073 1154 3137 regimen
1181 3068 1216 3121 ad

144 3166 231 3213 totum
249 3163 415 3231 manipulum
432 3166 555 3230 pertinet.
588 3164 659 3215 Sene
676 3163 700 3214 si
718 3162 796 3213 umbo
813 3161 910 3214 adsunt
928 3161 1050 3212 dividunt
1066 3161 1216 3226 imperium,

146 3253 210 3319 quia
236 3268 316 3304 exre
334 3258 375 3304 est
394 3252 502 3319 (Polyb.
527 3253 573 3316 VI,
593 3253 636 3312 24,
654 3252 677 3302 t.
696 3252 734 3316 8).
771 3252 844 3316 Ergo
874 3253 955 3301 etism
973 3255 1031 3300 tum
1049 3250 1217 3300 centuriones

145 3342 218 3407 prior
235 3346 262 3393 et
285 3342 415 3409 posterior
433 3341 545 3393 eundem
563 3343 619 3394 fere
636 3340 793 3393 obtinebunt
818 3340 925 3392 honoris
950 3338 1070 3404 mudum.
1108 3337 1216 3389 Corruit

145 3431 229 3496 igitur
253 3434 370 3483 virorum
388 3432 524 3484 doctorum
544 3434 633 3499 opinio
652 3446 742 3482 omnes
760 3430 879 3481 hastatos
896 3429 1058 3492 posteriores
1075 3428 1156 3478 fuisse
1175 3427 1215 3477 in·

145 3521 200 3573 limi
217 3525 324 3576 ordinis.
360 3525 413 3576 Hic
430 3526 518 3591 potius
545 3524 608 3575 ordo
628 3528 700 3574 erat:
730 3521 912 3587 sexagensimo
930 3518 991 3570 loco
1018 3523 1076 3570 erst
1095 3517 1216 3569 decimus

87 3645 94 3659 ι
143 3612 265 3665 hsststus
285 3616 423 3677 posterior,
443 3615 694 3680 undesexsgensimo
714 3612 830 3664 decimus
858 3611 980 3662 hastatus
1006 3610 1088 3677 prior,
1116 3606 1215 3660 duode-

145 3706 328 3771 sexspensimo
349 3721 435 3757 nonus
452 3705 573 3757 hastatus
591 3705 730 3772 posterior,
750 3707 802 3755 cet.

240 3810 260 3881 8)
279 3814 361 3866 Recte
379 3812 408 3863 id
427 3811 613 3865 animadvertit
631 3812 711 3864 etiem
730 3807 844 3861 Mueller
863 3824 889 3875 p.
908 3807 961 3858 104
979 3821 1019 3873 sq.

236 3916 259 3987 ⁴)
280 3918 376 3972 Goeler
393 3917 412 3971 1
430 3919 448 3970 l.
476 3935 502 3985 p.
521 3918 556 3969 bt
582 3917 630 3970 ills
656 3919 715 3985 ipse
731 3915 814 3968 serbe
834 3915 1024 3980 interpretetur
1048 3910 1099 3964 hoc
1120 3910 1216 3963 modos

146 4010 252 4062 ‘Wenn
277 4012 321 4062 ein
349 4025 416 4061 neu
444 4013 633 4061 ernsnnter
660 4007 813 4058 Officier
844 4003 897 4056 uls
926 4002 1158 4055 subcenturio
1187 4002 1216 4053 in

147 4099 190 4151 die
207 4100 308 4165 Legion
333 4101 437 4160 cinnat,
465 4113 495 4151 so
522 4096 614 4150 werde
641 4111 670 4147 er
694 4094 862 4147 subcentoris
891 4091 937 4144 des
962 4090 1078 4143 decimus
1096 4090 1216 4142 haustus

147 4183 299 4253 posterior’.
