2686 5212
659 182 676 236 9

135 359 167 418 in
190 357 353 432 sententia,
378 357 502 431 Vegetii
515 357 736 419 ordinationem
756 355 881 430 Hygino
905 373 971 416 esso
988 355 1198 431 posteriorem,

135 485 235 528 omnes
255 471 326 527 sunt
348 465 536 527 recentiores
548 465 583 548 ¹).
630 466 709 537 Quin
731 466 824 526 etiam
846 465 1027 540 Marquardt
1050 464 1093 547 (p.
1119 463 1198 548 588)

134 575 225 650 plano
248 578 382 633 extremo
404 573 525 632 saeculo
562 573 657 633 tertio
682 590 746 632 eam
777 572 930 647 adsignat.
978 571 1095 634 Contra
1126 589 1199 647 quos

135 699 235 742 omnes
268 683 344 742 haec
376 680 449 740 mihi
481 686 552 740 sunt
587 679 721 740 dicenda.
770 679 855 751 Quod
882 697 1027 755 praesens
1050 679 1200 754 Vegetius

135 789 259 849 adhibet
282 794 399 862 tompus
421 794 561 848 neutram
583 787 660 848 iacit
682 787 715 847 in
737 793 866 863 partem,
891 804 956 847 cum
972 803 1066 861 supra
1086 786 1198 848 videri·

134 914 198 957 mus
229 914 294 956 eum
322 895 479 972 praesenti
510 901 645 971 tompore
678 895 725 955 uti
748 895 840 956 etiam
870 895 970 954 ineis
995 896 1200 957 describendis

133 1006 233 1081 robus,
259 1023 335 1082 quae
354 1012 422 1066 'tum
445 1023 511 1066 esse
540 1021 600 1065 non
631 1009 805 1078 potuerunt.
853 1003 981 1063 Accedit
1005 1004 1091 1078 quod,
1116 1010 1198 1078 post-

134 1129 222 1187 quam
235 1114 467 1189 descriptionem
479 1112 517 1173 ad
532 1114 621 1171 finem
631 1111 785 1186 perduxit,
798 1111 905 1170 statim
921 1109 996 1168 dicit
1013 1111 1201 1184 ‘antiqua

135 1219 326 1281 ordinatione
338 1221 468 1296 legionis
486 1219 626 1294 exposita
642 1267 651 1282 .
670 1265 676 1279 .
696 1265 702 1279 .
726 1218 944 1293 principiorum
959 1219 1080 1279 nomina
1095 1236 1198 1280 secun-

134 1326 202 1387 dum
224 1306 407 1402 praesentes¹
422 1328 600 1388 matriculas
619 1327 759 1389 indicabo
770 1328 793 1401 ’3
819 1327 964 1386 stolidum
977 1326 1198 1402 quidemhomi-

133 1451 202 1495 nem
230 1436 324 1496 fuisse
353 1435 517 1511 Vegetium
550 1435 755 1510 cognovimus,
791 1434 844 1494 sed
876 1435 924 1494 sui
956 1435 1102 1510 temporis
1137 1454 1201 1497 rom

134 1543 290 1619 antiquam
313 1544 471 1619 adpellare
495 1544 634 1618 opposito
658 1543 783 1618 insuper
805 1543 962 1617 praesenti
982 1550 1118 1619 tempore
1140 1563 1200 1606 non

133 1657 198 1711 tam
220 1650 327 1713 stolidi
350 1669 438 1727 quarn
461 1651 567 1712 uesani
591 1669 627 1711 ac
649 1650 740 1710 deliri
757 1656 848 1715 esset.
881 1651 981 1711 Teneo
1004 1652 1103 1726 igitur
1119 1653 1198 1713 ordi·

133 1759 288 1820 nationem
306 1759 392 1821 illam
408 1759 539 1834 Vegetio
563 1775 636 1819 vere
659 1758 816 1833 antiquam
840 1775 914 1819 esse.
948 1757 1012 1819 Nec
1034 1758 1122 1820 video
1147 1777 1200 1821 cur

133 1884 256 1929 necesse
288 1866 331 1928 sit
362 1867 486 1943 Hygino
520 1868 721 1940 posteriorem
753 1884 817 1926 eam
847 1866 965 1931 haberi.
1012 1864 1090 1927 Sane
1113 1867 1139 1927 si
1164 1885 1200 1928 ea

134 1990 210 2046 quae
233 1990 299 2048 cap.
324 1975 343 2034 8
377 1973 542 2033 traduntur
566 1973 605 2032 ad
628 1991 693 2033 eam
709 1973 911 2049 pertinerent,
927 1975 1099 2033 necessario
1117 1981 1200 2035 esset

134 2080 257 2157 Hygino
282 2081 431 2156 sequioris
454 2081 578 2157 aetatis,
603 2083 656 2142 sed
679 2083 710 2141 id
734 2084 800 2157 quis
826 2083 1048 2142 demonstravit
1072 2089 1125 2142 eut
1150 2085 1198 2144 de-

133 2189 341 2249 monstrabit?
379 2188 471 2248 Immo
502 2207 611 2250 vereor
645 2207 682 2248 ne
715 2207 775 2249 non
798 2190 951 2264 posterior
974 2191 1098 2265 Hygino
1134 2208 1201 2251 esse

133 2299 241 2371 possit.
274 2297 392 2372 Hygini
416 2297 495 2356 enim
510 2297 620 2356 librum
641 2298 764 2357 exeunti
784 2298 903 2358 saeculo
920 2299 1015 2358 tertio
1038 2299 1199 2372 adsignan-

136 2405 203 2465 dum
216 2423 282 2465 esse
294 2421 382 2479 spero
398 2423 444 2464 mo
457 2406 732 2465 demonstraturum
740 2402 778 2488 2).
803 2405 836 2465 Si
852 2423 925 2466 vero
946 2406 1069 2466 ineunte
1086 2407 1201 2467 demum
1289 2408 1292 2412 ’

136 2513 255 2573 saeculo
279 2518 387 2587 quarto
408 2513 561 2572 ordinatio
584 2513 708 2587 Vegetii
732 2515 764 2572 in
786 2530 843 2573 usu
866 2531 932 2573 esse
956 2513 1116 2588 coepisset,
1141 2531 1200 2575 non

136 2621 260 2681 uidetur
282 2621 438 2695 antiquam
462 2639 527 2681 eom
550 2621 645 2681 fuisse
661 2627 835 2683 vocaturus.
872 2621 998 2682 Omnino
1015 2639 1071 2696 ego
1087 2640 1199 2698 negan-

136 2729 204 2787 dum
219 2729 294 2789 mihi
311 2730 459 2789 existumo
482 2729 598 2802 legioni
619 2716 714 2789 fuisse
745 2747 829 2789 suum
853 2730 1021 2803 equitatum
1037 2730 1198 2806 redditum,

135 2841 294 2910 postquam
309 2836 404 2896 tertio
421 2836 540 2896 saeculo
561 2835 710 2919 (mediol)
734 2837 795 2896 fuit
812 2838 959 2914 demptus,
977 2839 1054 2911 quod
1071 2840 1201 2912 probare

136 2948 168 3002 et
191 2943 351 3002 ostendere
373 2960 419 3002 me
442 2960 501 3002 non
523 2960 612 3017 posse
634 2961 718 3003 nemo
742 2950 825 3003 certe
849 2944 1011 3003 mirabitur
1021 2943 1057 3027 ³).

223 3050 405 3126 Priusquam
429 3053 601 3112 accuratius
633 3053 668 3112 de
691 3058 795 3112 aetate
830 3070 1019 3134 quaeramus
1046 3053 1200 3114 videamus

137 3161 173 3222 dc
195 3179 329 3226 numero.
377 3160 449 3222 Oum
469 3163 676 3238 Vespasianus
699 3169 730 3223 et
754 3163 844 3222 Titus
867 3163 979 3222 bellum
1005 3162 1132 3223 Judaeis
1155 3163 1201 3221 in-

54 3284 57 3290 ’
90 3254 93 3259 ’
137 3269 265 3345 ferrent,
278 3269 415 3344 legiones
427 3269 598 3330 instructae
615 3276 703 3330 erant
719 3272 871 3345 equitibus
888 3272 1023 3330 centenis
1040 3267 1199 3349 uicenis4).

138 3378 196 3439 Sed
218 3396 342 3439 necesso
365 3385 414 3440 est
436 3387 543 3440 auctus
567 3382 610 3441 sit
632 3381 794 3456 aliquando
817 3382 845 3441 is
868 3397 1019 3456 numerus,
1044 3398 1109 3440 curn
1133 3397 1199 3439 con·

228 3521 248 3590 ¹)
267 3524 390 3588 Droysen
417 3539 483 3575 mus.
508 3524 591 3578 Rham.
621 3523 672 3575 vol.
699 3524 775 3575 XXX
802 3541 828 3590 p.
858 3526 919 3574 470.
957 3523 1060 3576 Gemoll
1087 3524 1201 3574 Hermae

137 3611 187 3667 vol.
206 3614 231 3664 X
250 3631 275 3680 p.
297 3612 357 3664 178.

225 3698 247 3765 ¹]
260 3702 457 3755 ‘Commentario
476 3718 509 3755 ea
529 3704 557 3752 in
576 3717 665 3753 museo
684 3703 810 3754 Rhenano
830 3703 931 3754 edetur.

226 3788 249 3856 ³)
267 3792 424 3843 Scribuntur
443 3792 549 3858 quidem
567 3793 596 3842 in
608 3794 714 3842 ‘notitia
731 3793 854 3844 orientis'
877 3796 914 3859 (p.
935 3795 967 3843 75
988 3792 1044 3861 [81)
1065 3793 1151 3860 qualis
1169 3811 1201 3845 ex

73 3933 75 3936 .
137 3881 291 3947 Boockingli
310 3882 381 3932 curis
398 3882 505 3949 prodiit,
524 3881 572 3932 sub
592 3882 761 3946 dispositione
773 3882 848 3932 ducis
858 3882 1009 3934 Thebaidos
1018 3900 1074 3934 osse
1089 3885 1201 3949 ‘equites

137 3971 251 4037 promoti
277 3971 418 4036 indigenae
440 3969 552 4036 legionis
579 3971 675 4021 tertiae
701 3969 882 4022 Diocletianae
899 3969 1018 4023 Ambos'.
1059 3973 1110 4024 tled
1129 3979 1200 4024 recte

137 4060 201 4110 milri
220 4059 324 4110 videtur
345 4057 430 4111 Seeck
448 4060 485 4126 (p.
505 4060 549 4120 ot,
569 4061 611 4110 30.
632 4061 678 4125 31)
698 4059 784 4113 locum
802 4059 963 4112 emendasse.

225 4144 248 4213 ⁴)
266 4147 374 4214 doaoph.
393 4146 454 4200 boll.
473 4149 536 4200 Jud.
554 4149 603 4208 111,
623 4151 649 4215 6,
662 4151 686 4200 2.
