2686 5212
664 213 682 272 5

138 396 288 456 obtinuit’
312 400 401 455 caute
432 393 546 454 adiecit
570 390 784 451 Schwabelius.
831 389 870 448 lli
907 407 980 450 sane
1008 389 1138 464 tempori
1159 390 1204 450 ul·

122 504 250 563 ·dentur
273 502 329 562 illa
360 501 538 574 conven1r03
573 517 638 561 cum
672 500 752 560 enim
780 500 813 560 ln
845 500 976 562 ‘notitia
1008 497 1203 574 dignitatnm’

137 610 274 686 legiones
298 609 423 669 circiter
446 613 565 668 centum
578 608 777 682 septuaginta
793 607 922 684 qunque
937 613 1154 669 recenseantur
1166 604 1210 688 ¹),

137 720 228 795 plura
250 725 315 779 tum
337 717 454 778 auxilia
476 715 571 775 fuisse
594 732 653 776 non
675 722 760 791 puto.
853 701 854 704 ¹

226 827 329 902 Falso,
352 825 384 885 id
407 824 485 899 quod
507 823 569 884 iam
592 823 797 885 Schwabelius
819 824 953 901 notauit,
979 825 1078 887 levem
1108 832 1206 887 arma*

137 940 239 994 turam
271 934 411 994 inmiscet
445 929 560 1006 legioni
588 932 737 1007 Vegetins
769 931 814 1014 (p.
838 930 939 1014 35,9).
987 933 1070 994 Vera
1104 939 1206 995 tamen

138 1059 205 1102 esse
239 1042 376 1116 suspicor
411 1058 487 1116 quae
523 1041 559 1100 de
593 1057 646 1101 suo
683 1046 819 1115 tempore
853 1042 1015 1102 memoriae
1047 1041 1207 1103 mandauit

137 1151 217 1234 (cap.
243 1149 287 1232 3),
311 1166 407 1225 neque
431 1150 598 1210 abhorrent
628 1150 666 1209 ab
690 1149 753 1208 eius
789 1149 904 1210 aetatis
927 1149 1038 1211 indole.
1086 1151 1155 1210 Una
1174 1151 1207 1209 in

136 1276 181 1334 re,
207 1259 284 1333 quod
305 1259 395 1333 plura
428 1258 460 1317 in
483 1256 654 1332 legionibus
691 1274 779 1331 quam
809 1257 842 1317 in
869 1258 993 1318 auxiliis
1029 1257 1105 1318 dicit
1139 1275 1208 1318 esse

135 1382 261 1425 munera
284 1365 328 1449 (p.
353 1367 406 1440 36,
429 1363 463 1446 5)
495 1364 584 1424 iidem
606 1364 635 1423 ei
664 1363 750 1424 addit
772 1363 947 1426 Ammianus
977 1365 1097 1441 XVIII,
1121 1364 1162 1442 ij
1175 1367 1208 1426 6.’

137 1471 254 1547 XXIV,
280 1471 310 1548 4,
336 1471 376 1531 al
402 1469 454 1554 (cf.
480 1469 660 1531 Gothofred.
683 1471 722 1531 ad
745 1467 777 1530 0.
803 1471 859 1532 Th.
884 1471 956 1549 VH,
983 1472 1034 1549 13,
1060 1469 1103 1554 1).

229 1576 302 1652 cap.
327 1578 348 1637 4
371 1577 547 1652 adcingitur
575 1577 725 1653 Vegetins
748 1578 787 1638 ad
809 1577 1037 1640 describendam
1059 1578 1207 1649 crunon,

136 1703 223 1755 onem
242 1685 374 1761 legionis
398 1684 543 1762 antiquae
573 1687 661 1746 tinem
692 1685 831 1746 facturus
855 1704 920 1763 cap.
949 1688 998 1748 18.
1028 1686 1100 1748 (lum
1121 1705 1207 1765 prae·

136 1794 264 1855 sationis
281 1798 284 1804 '
302 1799 334 1854 et
368 1793 570 1855 conclusionis
609 1798 790 1868 argumenta
826 1792 859 1852 in
896 1810 986 1854 unum
1024 1802 1206 1870 congruant,

136 1903 247 1978 quippe
270 1901 377 1977 quibus
401 1901 505 1962 eodem
526 1901 612 1962 modo
633 1900 715 1976 ‚quod
731 1900 891 1961 consilium
906 1907 1028 1962 secutus
1048 1901 1092 1962 sit
1108 1904 1207 1980 scrip,-

137 2017 189 2073 tor
213 2012 359 2092 declaret,
383 2011 513 2085 adparet
536 2027 602 2070 eum
634 2016 666 2070 ct
688 2009 918 2085 adgredientem
951 2027 1024 2086 opus
1058 2017 1090 2072 et
1117 2030 1208 2088 opere

133 2119 272 2195 perfecto
296 2118 529 2192 descriptionem
552 2116 639 2177 illam
661 2117 795 2179 voluisse
831 2117 997 2193 simplicem
1021 2135 1088 2180 esse
1112 2126 1204 2196 atque

133 2246 233 2304 unam,
270 2227 437 2287 exhibitam
471 2243 538 2286 cum
561 2226 600 2286 ad
632 2228 729 2301 tinem,
753 2230 789 2286 ut
812 2225 859 2285 sui
890 2227 1036 2301 temporis
1067 2227 1205 2302 legiones

133 2343 259 2413 possent
283 2334 423 2397 revocari
446 2334 484 2396 ad
507 2339 623 2395 statum
646 2333 788 2394 anticum.
838 2333 922 2407 Quod
952 2333 1111 2395 consilium
1134 2351 1201 2410 per·

133 2460 256 2503 versum
279 2460 345 2503 esse
368 2459 453 2503 nemo
477 2448 526 2502 est
552 2441 625 2516 quin
645 2441 762 2502 uideat.
843 2509 845 2511 ,

225 2549 352 2621 Quinam
386 2549 556 2625 igiturest
590 2548 618 2609 is
641 2554 742 2609 statua
766 2548 910 2617 anticus?
944 2549 982 2609 In
1012 2550 1206 2627 praefatione

133 2659 175 2741 (o.
192 2657 227 2740 4)
244 2676 310 2719 oum
328 2658 440 2719 mentio
464 2658 617 2718 inferatur
640 2657 676 2717 de
696 2656 868 2718 consulibus
896 2656 1049 2717 exercitus
1069 2658 1204 2735 ducibus,

135 2765 171 2824 de
194 2767 275 2826 binis
297 2766 479 2845 legionibus,
504 2766 540 2824 de
564 2765 639 2825 solis
666 2765 814 2825 sociorum
839 2763 975 2841 auxiliis,
1003 2765 1042 2825 ad
1065 2771 1206 2850 tempora

133 2872 265 2946 legionis
298 2872 510 2948 manipulatim
544 2871 703 2933 ordinatae
734 2871 926 2947 relegamur;
966 2872 1038 2948 quin
1061 2872 1154 2934 ctiam
1177 2874 1204 2934 si

135 2985 297 3040 accuratae
321 2982 474 3041 studemus
494 2978 758 3055 interpretationi,
783 2980 821 3040 ad
840 2985 977 3055 tempora
993 2979 1073 3040 bello
1086 2980 1202 3041 Hanni-

134 3087 233 3148 balico
257 3090 414 3150 anteriora
435 3106 485 3149 res
508 3089 580 3149 illas
604 3089 781 3150 coniunctas
803 3106 863 3148 non
885 3104 1041 3164 possumus
1064 3097 1124 3148 non
1157 3105 1201 3148 re-

134 3194 267 3280 ferret).
312 3199 387 3259 Eius
407 3199 505 3274 igitur
527 3198 659 3274 legionis
683 3186 904 3260 ordinationem
927 3197 1006 3258 velit
1029 3196 1110 3258 nolit
1126 3197 1202 3257 dicit

134 3303 284 3380 Vegetins
311 3323 343 3366 se
370 3323 436 3366 asse
463 3306 680 3382 expositurum.

225 3410 334 3488 (lapi
358 3413 397 3474 ad
420 3430 484 3475 rem
505 3430 537 3474 se
560 3413 697 3474 transire
717 3414 873 3490 significat
899 3413 1030 3489 ‘igitur'
1047 3412 1202 3490 partIcula

135 3519 285 3585 adbibita.
319 3520 401 3592 Quae
424 3537 497 3582 vero
520 3521 630 3603 tradit,
654 3539 691 3581 ea
714 3521 775 3581 nisi
798 3521 950 3582 exercitus
974 3521 1115 3597 perpetui
1127 3527 1200 3581 tem·

134 3628 258 3704 poribus
281 3646 341 3689 non
364 3629 526 3692 conventre
548 3647 609 3691 non
630 3647 706 3705 opus
737 3628 799 3691 erit
829 3630 1048 3706 demonstrare,
1080 3630 1202 3690 etiamsi

134 3752 194 3795 non
225 3737 376 3799 adiectum
404 3744 486 3798 esset
514 3738 617 3800 ‘iussu
651 3738 854 3815 auspiciisque
887 3737 1084 3799 dnvictissimi
1117 3737 1200 3813 prin·

135 3843 211 3920 cipis
221 3845 238 3907 ¹.
285 3847 378 3908 Immo
401 3865 471 3909 num
492 3853 565 3909 tunc
587 3847 704 3909 fuerint
727 3847 759 3909 in
782 3865 838 3909 usu
859 3847 969 3909 merito
999 3846 1198 3910 dubitaveris.

207 4096 229 4159 ¹)
249 4100 284 4153 ci.
303 4100 461 4167 ldarqnardt
478 4117 504 4168 p.
521 4103 581 4154 588.

86 4236 92 4275 :·
207 4187 229 4254 ²)
249 4188 284 4242 ci.
302 4189 457 4258 biarqnatdt
474 4208 500 4260 p.
519 4189 593 4246 888.⁴
618 4193 678 4245 390.
